2011.05.19 22:00:00.703,0.93887,0.93993,2.10,2.85
2011.05.19 22:00:01.082,0.93887,0.93993,2.85,2.85
2011.05.19 22:00:02.469,0.93887,0.93993,2.85,2.85
2011.05.19 22:00:05.252,0.93887,0.93993,2.85,2.85
2011.05.19 22:00:06.350,0.93887,0.93988,2.10,2.85
2011.05.19 22:00:07.450,0.93887,0.93988,2.85,2.85
2011.05.19 22:00:09.541,0.93887,0.93988,2.85,2.85
2011.05.19 22:00:09.759,0.93878,0.93987,2.85,2.85
2011.05.19 22:00:09.869,0.93878,0.93987,2.10,2.85
2011.05.19 22:00:10.419,0.93878,0.93987,2.85,2.85
2011.05.19 22:00:11.422,0.93878,0.93987,2.85,2.85
2011.05.19 22:00:12.400,0.93878,0.93987,2.85,2.85
2011.05.19 22:00:14.869,0.93888,0.93977,2.10,2.85
2011.05.19 22:00:16.361,0.93888,0.93977,2.10,2.85
2011.05.19 22:00:17.298,0.93888,0.93977,2.85,2.85
2011.05.19 22:00:20.160,0.93888,0.93977,2.85,2.85
2011.05.19 22:00:21.420,0.93897,0.93983,2.10,2.85
2011.05.19 22:00:26.860,0.93898,0.93977,2.10,2.85
2011.05.19 22:00:27.300,0.93898,0.93982,2.10,2.85
2011.05.19 22:00:27.410,0.93898,0.93982,2.10,2.85
2011.05.19 22:00:27.629,0.93898,0.93977,2.10,2.10
2011.05.19 22:00:28.096,0.93898,0.93977,2.10,2.85
2011.05.19 22:00:28.560,0.93898,0.93977,2.10,2.85
2011.05.19 22:00:28.781,0.93887,0.93968,2.10,2.85
2011.05.19 22:00:28.892,0.93897,0.93973,2.10,2.85
2011.05.19 22:00:29.001,0.93888,0.93977,2.85,2.10
2011.05.19 22:00:29.109,0.93898,0.93992,2.10,2.85
2011.05.19 22:00:29.255,0.93898,0.93992,2.10,2.85
2011.05.19 22:00:32.432,0.93898,0.93992,2.10,2.85
2011.05.19 22:00:33.821,0.93898,0.93992,2.10,2.85
2011.05.19 22:00:43.332,0.93898,0.93992,2.10,2.85
2011.05.19 22:00:43.911,0.93898,0.93992,2.10,2.85
2011.05.19 22:00:44.860,0.93898,0.93977,2.10,2.85
2011.05.19 22:00:45.513,0.93898,0.93977,2.10,2.10
2011.05.19 22:00:45.621,0.93897,0.93993,2.10,2.85
2011.05.19 22:00:46.190,0.93897,0.93993,2.10,2.85
2011.05.19 22:00:46.301,0.93897,0.93993,2.10,2.85
2011.05.19 22:00:46.852,0.93897,0.93993,2.10,2.85
2011.05.19 22:00:49.001,0.93897,0.93993,2.10,2.85
2011.05.19 22:00:50.323,0.93897,0.93993,2.10,2.85
2011.05.19 22:00:52.279,0.93897,0.93993,2.85,2.85
2011.05.19 22:00:56.449,0.93897,0.93993,2.85,2.85
2011.05.19 22:00:56.857,0.93908,0.93997,2.10,2.85
2011.05.19 22:00:57.350,0.93908,0.93997,2.10,2.85
2011.05.19 22:00:59.059,0.93908,0.93997,2.10,2.85
2011.05.19 22:00:59.169,0.93917,0.93998,2.10,2.85
2011.05.19 22:00:59.499,0.93928,0.93997,2.10,2.85
2011.05.19 22:01:00.442,0.93928,0.93997,2.10,2.85
2011.05.19 22:01:02.510,0.93928,0.93997,2.10,2.10
2011.05.19 22:01:03.390,0.93928,0.94002,2.10,2.85
2011.05.19 22:01:04.439,0.93928,0.94002,2.10,2.85
2011.05.19 22:01:15.340,0.93928,0.93997,2.10,2.85
2011.05.19 22:01:15.451,0.93928,0.93997,2.10,2.10
2011.05.19 22:01:15.560,0.93927,0.94003,2.10,2.85
2011.05.19 22:01:15.780,0.93928,0.93997,2.10,2.10
2011.05.19 22:01:16.112,0.93927,0.94003,2.10,2.85
2011.05.19 22:01:17.821,0.93927,0.94003,2.10,2.85
2011.05.19 22:01:23.533,0.93927,0.93998,2.10,2.85
2011.05.19 22:01:26.599,0.93927,0.93998,2.10,2.85
2011.05.19 22:01:27.581,0.93927,0.94003,2.10,2.85
2011.05.19 22:01:28.351,0.93927,0.94003,2.10,2.85
2011.05.19 22:01:28.460,0.93917,0.94003,2.10,2.85
2011.05.19 22:01:32.230,0.93917,0.94003,2.10,2.85
2011.05.19 22:01:32.341,0.93928,0.94007,2.10,2.85
2011.05.19 22:01:33.220,0.93938,0.94012,2.10,2.85
2011.05.19 22:01:33.439,0.93938,0.94012,2.10,2.85
2011.05.19 22:01:33.660,0.93938,0.94012,2.10,2.10
2011.05.19 22:01:33.770,0.93938,0.94022,2.10,2.85
2011.05.19 22:01:33.989,0.93948,0.94022,2.10,2.85
2011.05.19 22:01:34.220,0.93948,0.94022,2.10,2.85
2011.05.19 22:01:34.770,0.93948,0.94022,2.10,2.10
2011.05.19 22:01:35.849,0.93947,0.94033,2.10,2.85
2011.05.19 22:01:36.073,0.93947,0.94033,2.10,2.85
2011.05.19 22:01:36.951,0.93947,0.94033,2.10,2.85
2011.05.19 22:01:37.250,0.93947,0.94033,2.10,2.85
2011.05.19 22:01:37.361,0.93937,0.94033,2.48,2.85
2011.05.19 22:01:37.471,0.93937,0.94033,2.10,2.85
2011.05.19 22:01:37.801,0.93928,0.94007,2.10,2.10
2011.05.19 22:01:37.909,0.93937,0.94013,2.10,2.10
2011.05.19 22:01:38.647,0.93938,0.94022,2.10,2.85
2011.05.19 22:01:38.761,0.93938,0.94022,2.10,2.85
2011.05.19 22:01:39.309,0.93938,0.94022,2.10,2.10
2011.05.19 22:01:40.432,0.93938,0.94022,2.10,2.85
2011.05.19 22:01:41.350,0.93937,0.94018,2.10,2.85
2011.05.19 22:01:49.700,0.93927,0.94008,2.85,2.10
2011.05.19 22:01:51.251,0.93927,0.94008,2.85,2.85
2011.05.19 22:01:52.452,0.93927,0.94008,2.85,2.85
2011.05.19 22:01:57.346,0.93927,0.94008,2.85,2.85
2011.05.19 22:02:02.270,0.93927,0.94008,2.85,2.85
2011.05.19 22:02:04.442,0.93929,0.94008,1.35,2.10
2011.05.19 22:02:04.770,0.93938,0.94007,2.10,2.10
2011.05.19 22:02:06.422,0.93938,0.94007,2.10,2.85
2011.05.19 22:02:06.889,0.93929,0.94007,1.35,2.85
2011.05.19 22:02:07.000,0.93929,0.94007,1.35,2.85
2011.05.19 22:02:07.110,0.93929,0.93988,1.35,2.10
2011.05.19 22:02:08.021,0.93927,0.93988,3.45,2.10
2011.05.19 22:02:08.402,0.93929,0.93988,1.35,2.10
2011.05.19 22:02:08.730,0.93929,0.93992,1.35,2.10
2011.05.19 22:02:08.840,0.93929,0.94002,1.35,2.85
2011.05.19 22:02:10.381,0.93929,0.94002,1.35,2.85
2011.05.19 22:02:14.260,0.93929,0.94002,1.35,2.85
2011.05.19 22:02:14.479,0.93929,0.93998,1.35,2.10
2011.05.19 22:02:15.442,0.93929,0.93998,1.35,2.10
2011.05.19 22:02:16.431,0.93929,0.93998,1.35,2.85
2011.05.19 22:02:17.421,0.93929,0.93998,1.35,2.85
2011.05.19 22:02:39.040,0.93929,0.94002,1.35,2.85
2011.05.19 22:02:39.150,0.93929,0.93998,1.35,2.10
2011.05.19 22:02:41.401,0.93929,0.93998,1.35,2.10
2011.05.19 22:02:42.941,0.93929,0.93998,1.35,2.10
2011.05.19 22:02:43.490,0.93929,0.93998,1.35,2.10
2011.05.19 22:02:44.370,0.93929,0.93998,1.35,2.85
2011.05.19 22:02:45.361,0.93929,0.93998,1.35,2.85
2011.05.19 22:02:58.901,0.9392,0.93996,1.35,1.35
2011.05.19 22:03:02.471,0.9392,0.93997,1.35,2.10
2011.05.19 22:03:03.130,0.9392,0.93988,1.35,2.10
2011.05.19 22:03:04.403,0.9392,0.93988,1.35,2.10
2011.05.19 22:03:21.341,0.9392,0.93988,1.35,2.10
2011.05.19 22:03:21.563,0.93927,0.94003,2.85,2.85
2011.05.19 22:03:28.381,0.93927,0.94003,2.10,2.10
2011.05.19 22:03:28.490,0.93937,0.94003,2.10,2.10
2011.05.19 22:03:30.489,0.93928,0.93997,2.85,2.10
2011.05.19 22:03:31.472,0.93928,0.93997,2.85,2.10
2011.05.19 22:03:39.381,0.93928,0.93997,2.10,2.10
2011.05.19 22:03:40.370,0.93928,0.93997,2.85,2.10
2011.05.19 22:04:23.382,0.93928,0.93997,2.85,2.10
2011.05.19 22:05:02.821,0.93928,0.93997,2.85,2.10
2011.05.19 22:05:09.301,0.93928,0.93997,2.85,2.10
2011.05.19 22:05:27.511,0.93928,0.93997,2.85,2.10
2011.05.19 22:05:30.483,0.93928,0.93997,2.85,2.10
2011.05.19 22:05:55.470,0.93928,0.93997,2.85,2.10
2011.05.19 22:05:55.837,0.93938,0.94002,2.85,2.85
2011.05.19 22:06:40.352,0.93938,0.94002,2.10,2.10
2011.05.19 22:07:22.269,0.93938,0.94002,2.10,2.85
2011.05.19 22:07:23.319,0.93938,0.94002,2.10,2.85
2011.05.19 22:07:24.470,0.93938,0.94002,2.10,2.85
2011.05.19 22:07:25.400,0.93938,0.93997,2.10,2.10
2011.05.19 22:07:26.612,0.93938,0.94002,2.10,2.85
2011.05.19 22:07:27.520,0.93938,0.94002,2.85,2.85
2011.05.19 22:07:30.843,0.93938,0.94002,2.10,2.10
2011.05.19 22:07:35.960,0.93938,0.94002,2.10,2.85
2011.05.19 22:07:36.290,0.93928,0.93997,2.85,2.10
2011.05.19 22:07:43.990,0.93928,0.93997,2.85,2.10
2011.05.19 22:07:44.100,0.93927,0.93988,2.85,2.10
2011.05.19 22:07:44.321,0.93928,0.93992,2.85,2.10
2011.05.19 22:07:44.542,0.93931,0.94003,1.35,2.10
2011.05.19 22:07:45.631,0.93932,0.94003,1.35,2.10
2011.05.19 22:07:47.045,0.93932,0.93997,1.35,2.10
2011.05.19 22:07:59.291,0.93928,0.93997,2.85,2.10
2011.05.19 22:08:00.123,0.93928,0.93997,2.85,2.10
2011.05.19 22:08:11.502,0.93928,0.93997,2.85,2.10
2011.05.19 22:08:13.150,0.93928,0.93987,2.85,2.10
2011.05.19 22:08:14.081,0.93928,0.93987,2.85,2.10
2011.05.19 22:08:14.571,0.93928,0.93987,2.85,2.10
2011.05.19 22:08:15.412,0.93928,0.93987,2.85,2.10
2011.05.19 22:08:25.362,0.93928,0.93987,2.85,2.10
2011.05.19 22:08:25.585,0.93928,0.93987,2.85,2.10
2011.05.19 22:08:26.641,0.93928,0.93987,2.85,2.10
2011.05.19 22:08:33.942,0.93928,0.93987,2.85,2.10
2011.05.19 22:08:34.160,0.93928,0.93992,2.85,2.10
2011.05.19 22:08:34.380,0.93927,0.93988,2.85,2.10
2011.05.19 22:08:34.600,0.93927,0.93993,2.85,2.10
2011.05.19 22:09:07.871,0.93927,0.93993,2.85,2.85
2011.05.19 22:09:45.480,0.93927,0.93988,2.85,2.10
2011.05.19 22:09:47.420,0.93927,0.93988,2.85,2.10
2011.05.19 22:09:53.424,0.93927,0.93988,2.85,2.10
2011.05.19 22:09:54.412,0.93927,0.93988,2.85,2.85
2011.05.19 22:09:57.531,0.93937,0.93993,2.10,2.85
2011.05.19 22:09:59.299,0.93937,0.93993,2.85,2.85
2011.05.19 22:10:00.464,0.93937,0.93993,2.85,2.85
2011.05.19 22:10:00.891,0.93937,0.93993,2.85,2.10
2011.05.19 22:10:01.439,0.93937,0.94003,2.85,2.85
2011.05.19 22:10:02.114,0.93937,0.94003,2.85,2.10
2011.05.19 22:10:03.230,0.93937,0.94003,2.85,2.85
2011.05.19 22:10:03.340,0.93937,0.93998,2.85,2.10
2011.05.19 22:10:05.732,0.93937,0.93998,2.85,2.85
2011.05.19 22:10:11.880,0.93937,0.93998,2.85,2.10
2011.05.19 22:10:11.989,0.93947,0.94003,2.10,2.85
2011.05.19 22:10:13.499,0.93947,0.94003,2.85,2.85
2011.05.19 22:10:14.412,0.93947,0.94003,2.85,2.10
2011.05.19 22:10:20.791,0.93947,0.94003,2.85,2.85
2011.05.19 22:10:22.343,0.93947,0.94003,2.85,2.85
2011.05.19 22:10:46.323,0.93947,0.94003,2.85,2.85
2011.05.19 22:10:46.861,0.93947,0.94003,2.85,2.85
2011.05.19 22:10:47.691,0.93947,0.94003,2.85,2.85
2011.05.19 22:10:53.532,0.93947,0.94003,2.85,2.85
2011.05.19 22:11:02.512,0.93947,0.94003,2.85,2.10
2011.05.19 22:11:02.621,0.93948,0.94012,2.85,2.85
2011.05.19 22:11:04.522,0.93948,0.94012,2.85,2.85
2011.05.19 22:11:05.192,0.93948,0.94012,2.85,2.85
2011.05.19 22:11:17.151,0.93958,0.94022,2.10,2.85
2011.05.19 22:11:17.481,0.93958,0.94022,2.10,2.85
2011.05.19 22:11:18.035,0.93948,0.94017,2.85,2.85
2011.05.19 22:11:37.597,0.93938,0.94017,2.85,2.10
2011.05.19 22:11:37.716,0.93938,0.94017,2.85,2.85
2011.05.19 22:11:39.481,0.93938,0.94017,2.85,2.85
2011.05.19 22:11:39.614,0.93938,0.94017,2.85,2.85
2011.05.19 22:11:40.162,0.93938,0.94017,2.85,2.85
2011.05.19 22:11:40.493,0.93938,0.94017,2.85,2.10
2011.05.19 22:11:40.712,0.93938,0.94022,2.85,2.85
2011.05.19 22:11:48.742,0.93928,0.94022,2.85,2.85
2011.05.19 22:12:03.622,0.93937,0.94023,2.85,3.61
2011.05.19 22:12:07.972,0.93938,0.94007,2.85,2.10
2011.05.19 22:12:09.146,0.93938,0.94007,2.85,2.10
2011.05.19 22:12:12.392,0.93938,0.94007,2.85,2.85
2011.05.19 22:12:17.182,0.93938,0.94007,2.85,2.10
2011.05.19 22:12:19.432,0.93938,0.94007,2.85,2.10
2011.05.19 22:12:20.367,0.93938,0.94007,2.85,2.10
2011.05.19 22:12:25.322,0.93938,0.94007,2.85,2.10
2011.05.19 22:12:26.372,0.93938,0.94007,2.85,2.85
2011.05.19 22:12:31.593,0.93938,0.94007,2.85,2.10
2011.05.19 22:12:31.715,0.93938,0.94007,2.85,2.85
2011.05.19 22:12:35.235,0.93938,0.94007,2.85,2.85
2011.05.19 22:12:35.451,0.93938,0.94007,2.85,2.10
2011.05.19 22:12:35.562,0.93928,0.94007,2.85,2.85
2011.05.19 22:12:35.672,0.93928,0.94007,2.85,2.85
2011.05.19 22:12:36.001,0.93928,0.94007,2.85,2.85
2011.05.19 22:12:37.695,0.93928,0.94007,2.85,2.10
2011.05.19 22:12:42.384,0.93928,0.94007,2.85,2.85
2011.05.19 22:12:42.604,0.93928,0.94007,2.85,2.10
2011.05.19 22:12:42.713,0.93937,0.94008,2.85,2.85
2011.05.19 22:12:42.932,0.93928,0.94007,2.85,2.10
2011.05.19 22:12:45.102,0.93928,0.94007,2.85,2.10
2011.05.19 22:12:46.772,0.93937,0.94008,2.85,2.85
2011.05.19 22:12:47.231,0.93937,0.94008,2.85,2.10
2011.05.19 22:12:47.342,0.93937,0.94013,2.85,2.85
2011.05.19 22:12:48.442,0.93937,0.94013,2.85,2.85
2011.05.19 22:12:50.942,0.93937,0.94013,2.85,2.10
2011.05.19 22:12:51.712,0.93937,0.94013,2.85,2.85
2011.05.19 22:12:57.995,0.93937,0.94013,2.85,2.85
2011.05.19 22:13:01.128,0.93948,0.94017,2.85,2.10
2011.05.19 22:13:03.381,0.93948,0.94017,2.85,2.10
2011.05.19 22:13:12.351,0.93948,0.94007,2.85,2.10
2011.05.19 22:13:12.461,0.93948,0.94007,2.85,2.10
2011.05.19 22:13:15.442,0.93938,0.94007,2.85,2.10
2011.05.19 22:13:20.042,0.93938,0.94007,2.85,2.10
2011.05.19 22:13:20.151,0.93938,0.94012,2.85,2.10
2011.05.19 22:13:32.317,0.93948,0.94012,2.85,2.10
2011.05.19 22:13:33.203,0.93948,0.94012,2.85,2.85
2011.05.19 22:13:37.262,0.93948,0.94012,2.85,2.85
2011.05.19 22:13:37.702,0.93947,0.94013,2.85,2.85
2011.05.19 22:13:37.811,0.93947,0.94013,2.85,2.85
2011.05.19 22:13:39.441,0.93947,0.94013,2.85,2.85
2011.05.19 22:13:51.904,0.93947,0.94013,2.85,2.85
2011.05.19 22:13:52.233,0.93958,0.94017,2.85,2.10
2011.05.19 22:13:53.441,0.93958,0.94017,2.85,2.10
2011.05.19 22:13:54.451,0.93958,0.94017,2.85,2.85
2011.05.19 22:13:57.396,0.93958,0.94017,2.85,2.10
2011.05.19 22:14:02.992,0.93958,0.94017,2.10,2.85
2011.05.19 22:14:03.101,0.93957,0.94008,2.10,2.10
2011.05.19 22:14:04.382,0.93957,0.94008,2.85,2.10
2011.05.19 22:14:08.943,0.93957,0.94008,2.10,2.10
2011.05.19 22:14:09.822,0.93948,0.94007,2.85,2.10
2011.05.19 22:14:10.421,0.93948,0.94007,2.85,2.10
2011.05.19 22:14:11.722,0.93948,0.94007,2.85,2.10
2011.05.19 22:14:11.832,0.93947,0.94013,2.85,2.10
2011.05.19 22:14:12.954,0.93947,0.94013,2.85,2.10
2011.05.19 22:14:14.163,0.93947,0.94013,2.85,2.85
2011.05.19 22:14:20.903,0.93937,0.94013,2.85,2.85
2011.05.19 22:14:59.657,0.93947,0.94013,2.85,2.85
2011.05.19 22:15:03.631,0.93947,0.94013,2.85,2.10
2011.05.19 22:15:27.650,0.93947,0.94013,2.85,2.85
2011.05.19 22:15:31.041,0.93947,0.94013,2.10,2.10
2011.05.19 22:15:31.154,0.93948,0.94017,2.85,2.10
2011.05.19 22:15:31.725,0.93948,0.94017,2.85,2.10
2011.05.19 22:15:39.871,0.93947,0.94008,2.85,2.10
2011.05.19 22:15:42.392,0.93947,0.94008,2.85,2.85
2011.05.19 22:16:08.621,0.93947,0.94008,2.85,2.10
2011.05.19 22:17:08.730,0.93947,0.94008,2.10,2.10
2011.05.19 22:17:26.631,0.93938,0.93997,2.85,2.10
2011.05.19 22:17:46.131,0.93937,0.94003,2.85,2.85
2011.05.19 22:17:46.766,0.93937,0.94003,2.85,2.10
2011.05.19 22:18:10.242,0.93937,0.94003,2.85,2.85
2011.05.19 22:18:10.461,0.93947,0.94003,2.10,2.85
2011.05.19 22:18:12.433,0.93947,0.94003,2.85,2.10
2011.05.19 22:18:19.363,0.93947,0.94003,2.85,2.85
2011.05.19 22:18:19.691,0.93938,0.93997,2.85,2.10
2011.05.19 22:18:20.023,0.93938,0.93997,2.85,2.10
2011.05.19 22:18:23.494,0.93938,0.93997,2.85,2.10
2011.05.19 22:18:23.821,0.93947,0.94003,2.85,2.85
2011.05.19 22:18:23.931,0.93947,0.94003,2.85,2.10
2011.05.19 22:18:24.042,0.93948,0.94022,2.85,2.85
2011.05.19 22:18:28.224,0.93948,0.94017,2.85,2.85
2011.05.19 22:18:29.263,0.93948,0.94017,2.85,2.85
2011.05.19 22:18:30.353,0.93948,0.94017,2.85,2.85
2011.05.19 22:18:33.382,0.93948,0.94017,2.85,2.85
2011.05.19 22:18:52.283,0.93948,0.94017,2.85,2.10
2011.05.19 22:18:53.373,0.93947,0.94023,2.85,2.85
2011.05.19 22:19:17.193,0.93937,0.94008,2.85,2.10
2011.05.19 22:19:18.453,0.93937,0.94008,2.85,2.10
2011.05.19 22:19:19.471,0.93937,0.94008,2.85,2.85
2011.05.19 22:19:30.444,0.93947,0.94008,2.85,2.85
2011.05.19 22:19:48.732,0.93947,0.94008,2.85,2.10
2011.05.19 22:19:48.842,0.93947,0.94013,2.85,2.85
2011.05.19 22:20:02.746,0.93947,0.94013,2.10,2.85
2011.05.19 22:20:02.854,0.93938,0.94007,2.85,2.10
2011.05.19 22:20:03.715,0.93938,0.94007,2.85,2.10
2011.05.19 22:20:04.182,0.93938,0.94007,2.85,2.10
2011.05.19 22:20:06.192,0.93938,0.94007,2.85,2.10
2011.05.19 22:20:07.456,0.93938,0.94007,2.85,2.10
2011.05.19 22:20:09.462,0.93938,0.94007,2.85,2.10
2011.05.19 22:20:32.241,0.93938,0.93997,2.85,2.10
2011.05.19 22:20:33.416,0.93938,0.93997,2.85,2.10
2011.05.19 22:20:34.461,0.93938,0.93997,2.85,2.10
2011.05.19 22:20:38.772,0.9394,0.93997,1.35,2.10
2011.05.19 22:20:38.882,0.93948,0.94012,2.85,2.85
2011.05.19 22:20:38.992,0.93948,0.94012,2.85,2.10
2011.05.19 22:20:39.103,0.93948,0.94022,2.85,2.85
2011.05.19 22:20:41.462,0.93948,0.94022,2.85,2.10
2011.05.19 22:20:41.682,0.93948,0.94032,2.85,2.85
2011.05.19 22:20:42.012,0.93947,0.94028,2.85,2.10
2011.05.19 22:20:43.363,0.93947,0.94028,2.85,2.85
2011.05.19 22:20:44.303,0.93947,0.94028,2.85,2.85
2011.05.19 22:20:48.593,0.93947,0.94028,2.85,2.85
2011.05.19 22:21:06.466,0.93947,0.94028,2.85,2.85
2011.05.19 22:21:10.545,0.93947,0.94028,2.85,2.85
2011.05.19 22:21:18.705,0.93947,0.94028,2.85,2.85
2011.05.19 22:21:19.473,0.93947,0.94028,2.85,2.85
2011.05.19 22:21:56.812,0.93947,0.94028,2.85,2.85
2011.05.19 22:22:07.732,0.93947,0.94028,2.85,2.10
2011.05.19 22:22:07.952,0.93937,0.94028,2.85,2.85
2011.05.19 22:22:08.063,0.93937,0.94018,2.85,2.10
2011.05.19 22:22:08.393,0.93937,0.94008,2.85,2.10
2011.05.19 22:22:10.406,0.93937,0.94008,2.85,2.10
2011.05.19 22:22:10.958,0.93937,0.94008,2.85,2.10
2011.05.19 22:22:11.071,0.93937,0.94008,2.85,2.10
2011.05.19 22:22:11.294,0.93937,0.94008,2.10,2.85
2011.05.19 22:22:16.994,0.93937,0.94008,2.85,2.85
2011.05.19 22:22:17.115,0.93937,0.94008,2.10,2.85
2011.05.19 22:22:17.593,0.93937,0.94008,2.85,2.85
2011.05.19 22:22:17.702,0.93937,0.94008,2.10,2.85
2011.05.19 22:22:18.203,0.93937,0.94008,2.85,2.85
2011.05.19 22:22:34.943,0.93937,0.94008,2.85,2.85
2011.05.19 22:22:39.632,0.93937,0.94008,2.85,2.85
2011.05.19 22:22:59.505,0.93937,0.94008,2.85,2.10
2011.05.19 22:23:03.816,0.93937,0.94008,2.85,2.85
2011.05.19 22:23:07.675,0.93937,0.94008,2.10,2.85
2011.05.19 22:23:07.782,0.93937,0.94008,2.85,2.85
2011.05.19 22:23:08.267,0.93937,0.94008,2.85,2.85
2011.05.19 22:23:10.262,0.93937,0.94008,2.85,2.85
2011.05.19 22:23:10.592,0.93928,0.94007,2.85,2.85
2011.05.19 22:23:13.455,0.93928,0.94007,2.85,2.85
2011.05.19 22:23:13.781,0.93928,0.94007,2.85,2.85
2011.05.19 22:23:17.183,0.93928,0.94007,2.85,2.85
2011.05.19 22:23:21.792,0.93928,0.94007,2.85,2.85
2011.05.19 22:23:27.985,0.93928,0.94007,2.85,2.85
2011.05.19 22:23:29.861,0.93928,0.94012,2.85,2.85
2011.05.19 22:23:35.054,0.93928,0.94012,2.85,2.85
2011.05.19 22:23:41.733,0.9393,0.94012,1.13,2.85
2011.05.19 22:23:42.283,0.93938,0.94012,2.85,2.85
2011.05.19 22:23:43.414,0.93937,0.94023,2.85,2.85
2011.05.19 22:23:46.884,0.93937,0.94023,2.85,2.85
2011.05.19 22:23:47.005,0.93937,0.94023,2.85,2.85
2011.05.19 22:23:49.093,0.93937,0.94023,2.85,2.85
2011.05.19 22:23:49.423,0.93938,0.94027,2.85,2.85
2011.05.19 22:23:51.742,0.93938,0.94027,2.85,2.85
2011.05.19 22:23:51.853,0.93938,0.94027,2.85,2.85
2011.05.19 22:23:54.526,0.93938,0.94027,2.85,2.85
2011.05.19 22:23:55.474,0.93938,0.94027,2.85,2.85
2011.05.19 22:23:55.804,0.93938,0.94017,2.85,2.85
2011.05.19 22:23:57.442,0.93938,0.94017,2.85,2.85
2011.05.19 22:24:14.998,0.93938,0.94017,2.85,2.85
2011.05.19 22:24:15.104,0.93927,0.94018,2.85,2.85
2011.05.19 22:24:24.401,0.93927,0.94018,2.85,2.85
2011.05.19 22:24:38.032,0.93927,0.94018,2.85,2.85
2011.05.19 22:24:49.034,0.93927,0.94018,2.85,2.85
2011.05.19 22:24:49.254,0.93928,0.94017,2.85,2.85
2011.05.19 22:24:54.533,0.93928,0.94017,2.85,2.85
2011.05.19 22:24:55.025,0.93928,0.94017,2.85,2.85
2011.05.19 22:25:00.590,0.93928,0.94022,2.85,2.85
2011.05.19 22:25:01.033,0.93938,0.94025,2.85,1.13
2011.05.19 22:25:01.501,0.93938,0.94025,2.10,1.13
2011.05.19 22:25:01.602,0.93937,0.94028,2.85,2.85
2011.05.19 22:25:02.115,0.93937,0.94028,2.85,2.85
2011.05.19 22:25:03.163,0.93937,0.94028,2.85,2.85
2011.05.19 22:25:03.712,0.93937,0.94028,2.10,2.85
2011.05.19 22:25:04.451,0.93937,0.94028,2.85,2.85
2011.05.19 22:25:05.365,0.93937,0.94028,2.85,2.85
2011.05.19 22:25:05.762,0.93937,0.94028,2.85,2.85
2011.05.19 22:25:06.195,0.93938,0.94017,2.85,2.85
2011.05.19 22:25:08.115,0.93938,0.94022,2.85,2.85
2011.05.19 22:25:09.321,0.93938,0.94022,2.85,2.85
2011.05.19 22:25:10.424,0.93938,0.94022,2.85,2.85
2011.05.19 22:25:12.732,0.93938,0.94022,2.85,2.85
2011.05.19 22:25:16.073,0.93938,0.94017,2.10,2.85
2011.05.19 22:25:16.292,0.93938,0.94017,2.10,2.85
2011.05.19 22:25:16.513,0.93938,0.94017,2.10,2.85
2011.05.19 22:25:17.215,0.93938,0.94017,2.10,2.85
2011.05.19 22:25:18.314,0.93938,0.94017,2.10,2.85
2011.05.19 22:25:20.635,0.93938,0.94017,2.10,2.85
2011.05.19 22:25:20.853,0.93938,0.94017,2.10,2.85
2011.05.19 22:25:24.282,0.93938,0.94022,2.85,2.85
2011.05.19 22:25:24.392,0.93937,0.94029,2.85,1.13
2011.05.19 22:25:24.503,0.93937,0.94031,2.10,1.13
2011.05.19 22:25:25.414,0.93938,0.94007,2.10,2.85
2011.05.19 22:25:27.395,0.93938,0.94012,2.85,2.85
2011.05.19 22:25:28.233,0.93938,0.94012,2.10,2.85
2011.05.19 22:25:28.843,0.93938,0.94012,2.10,2.85
2011.05.19 22:25:29.674,0.93938,0.94012,2.85,2.85
2011.05.19 22:25:30.222,0.93938,0.94012,2.10,2.85
2011.05.19 22:25:32.446,0.93938,0.94012,2.10,2.85
2011.05.19 22:25:34.362,0.93937,0.94008,2.85,2.85
2011.05.19 22:25:35.394,0.93937,0.94008,2.85,2.85
2011.05.19 22:25:36.384,0.93937,0.94008,2.10,2.85
2011.05.19 22:25:37.594,0.93937,0.94008,2.10,2.85
2011.05.19 22:25:38.144,0.93937,0.94008,2.10,2.85
2011.05.19 22:25:38.474,0.93937,0.94008,2.10,2.85
2011.05.19 22:25:40.454,0.93937,0.94008,2.10,2.85
2011.05.19 22:25:42.242,0.93937,0.94008,2.85,2.85
2011.05.19 22:25:42.462,0.93948,0.94007,2.10,2.85
2011.05.19 22:25:45.405,0.93948,0.94012,2.10,2.85
2011.05.19 22:25:46.553,0.93948,0.94012,2.10,2.85
2011.05.19 22:25:51.954,0.93948,0.94012,2.10,2.85
2011.05.19 22:25:52.283,0.93948,0.94022,2.10,2.85
2011.05.19 22:25:52.393,0.93958,0.94022,2.10,2.85
2011.05.19 22:25:54.424,0.93958,0.94022,2.10,2.85
2011.05.19 22:25:54.917,0.93958,0.94022,2.10,2.85
2011.05.19 22:25:56.493,0.93958,0.94022,2.10,2.85
2011.05.19 22:26:01.354,0.93958,0.94022,2.10,2.85
2011.05.19 22:26:02.343,0.93958,0.94022,2.10,2.85
2011.05.19 22:26:05.704,0.93958,0.94022,2.10,2.85
2011.05.19 22:26:30.916,0.93958,0.94022,2.10,2.85
2011.05.19 22:26:32.454,0.93958,0.94022,2.10,2.85
2011.05.19 22:26:36.995,0.93958,0.94022,2.10,2.85
2011.05.19 22:26:37.322,0.93958,0.94022,2.10,2.85
2011.05.19 22:26:38.204,0.93958,0.94022,2.10,2.85
2011.05.19 22:26:42.116,0.93958,0.94022,2.10,2.85
2011.05.19 22:26:43.556,0.93958,0.94022,2.10,2.85
2011.05.19 22:26:44.403,0.93958,0.94032,2.10,2.85
2011.05.19 22:26:45.375,0.93958,0.94032,2.10,2.85
2011.05.19 22:27:02.304,0.93958,0.94027,2.10,2.85
2011.05.19 22:27:03.833,0.93958,0.94027,2.10,2.85
2011.05.19 22:27:05.282,0.93958,0.94027,2.10,2.85
2011.05.19 22:27:55.772,0.93958,0.94027,2.10,2.85
2011.05.19 22:27:56.403,0.93958,0.94017,2.10,2.85
2011.05.19 22:27:57.423,0.93958,0.94022,2.10,2.85
2011.05.19 22:27:58.644,0.93958,0.94022,2.10,2.85
2011.05.19 22:28:01.052,0.93958,0.94022,2.85,2.85
2011.05.19 22:28:01.802,0.93958,0.94022,2.85,2.85
2011.05.19 22:28:12.582,0.93958,0.94022,2.10,2.85
2011.05.19 22:28:13.171,0.93958,0.94022,2.85,2.85
2011.05.19 22:28:13.393,0.93958,0.94022,2.10,2.85
2011.05.19 22:28:13.892,0.93958,0.94022,2.85,2.85
2011.05.19 22:28:20.311,0.93958,0.94022,2.10,2.85
2011.05.19 22:28:21.352,0.93958,0.94022,2.10,2.85
2011.05.19 22:28:32.893,0.93948,0.94022,2.85,2.85
2011.05.19 22:28:40.143,0.93958,0.94022,2.10,2.85
2011.05.19 22:28:42.042,0.93958,0.94022,2.85,2.85
2011.05.19 22:28:44.904,0.93958,0.94022,2.85,2.85
2011.05.19 22:29:00.604,0.93958,0.94042,2.85,2.85
2011.05.19 22:29:01.073,0.93958,0.94042,2.85,2.85
2011.05.19 22:29:18.894,0.93958,0.94042,2.10,2.85
2011.05.19 22:29:35.462,0.93958,0.94042,2.85,2.85
2011.05.19 22:29:41.463,0.93958,0.94042,2.85,2.85
2011.05.19 22:29:51.114,0.93958,0.94042,2.85,2.85
2011.05.19 22:29:51.223,0.93958,0.94042,2.85,2.85
2011.05.19 22:29:58.144,0.93958,0.94042,2.85,2.85
2011.05.19 22:30:01.263,0.93958,0.94042,2.10,2.85
2011.05.19 22:30:01.664,0.93958,0.94042,2.85,2.85
2011.05.19 22:30:37.194,0.93958,0.94042,2.10,2.85
2011.05.19 22:30:38.484,0.93957,0.94038,2.10,2.85
2011.05.19 22:30:39.134,0.93957,0.94038,2.85,2.85
2011.05.19 22:31:11.476,0.93957,0.94038,2.85,2.85
2011.05.19 22:31:12.259,0.93958,0.94027,2.10,2.85
2011.05.19 22:31:12.833,0.93958,0.94027,2.85,2.85
2011.05.19 22:31:13.604,0.93958,0.94032,2.10,2.85
2011.05.19 22:31:16.922,0.93958,0.94032,2.85,2.85
2011.05.19 22:31:21.602,0.93958,0.94027,2.10,2.85
2011.05.19 22:31:23.344,0.93958,0.94027,2.10,2.85
2011.05.19 22:31:25.013,0.93968,0.94027,2.10,2.85
2011.05.19 22:31:26.055,0.93968,0.94027,2.10,2.85
2011.05.19 22:31:27.435,0.93968,0.94027,2.10,2.85
2011.05.19 22:31:29.873,0.93968,0.94027,2.10,2.85
2011.05.19 22:31:30.202,0.93958,0.94027,2.85,2.85
2011.05.19 22:31:30.313,0.93958,0.94027,2.85,2.85
2011.05.19 22:31:30.653,0.93958,0.94027,2.85,2.85
2011.05.19 22:31:31.446,0.93958,0.94027,2.85,2.85
2011.05.19 22:31:32.766,0.93958,0.94027,2.85,2.85
2011.05.19 22:31:33.092,0.93967,0.94028,2.10,2.85
2011.05.19 22:31:33.313,0.93957,0.94028,2.85,2.85
2011.05.19 22:31:33.422,0.93968,0.94027,2.10,2.85
2011.05.19 22:31:34.253,0.93968,0.94032,2.10,2.85
2011.05.19 22:31:34.364,0.93968,0.94032,2.10,2.85
2011.05.19 22:31:38.574,0.93968,0.94027,2.10,2.85
2011.05.19 22:31:38.815,0.93968,0.94027,2.10,2.85
2011.05.19 22:31:39.507,0.93968,0.94027,2.10,2.85
2011.05.19 22:31:41.013,0.93958,0.94027,2.10,2.85
2011.05.19 22:31:41.546,0.93958,0.94027,2.85,2.85
2011.05.19 22:31:41.657,0.93958,0.94027,2.85,2.85
2011.05.19 22:31:42.215,0.93968,0.94027,2.10,2.85
2011.05.19 22:31:43.968,0.93968,0.94027,2.10,2.85
2011.05.19 22:31:44.335,0.93958,0.94027,2.85,2.85
2011.05.19 22:31:45.436,0.93958,0.94027,2.85,2.85
2011.05.19 22:31:47.853,0.93968,0.94027,2.10,2.85
2011.05.19 22:31:59.033,0.93968,0.94027,2.10,2.85
2011.05.19 22:31:59.143,0.93957,0.94028,2.85,2.85
2011.05.19 22:32:00.737,0.93968,0.94027,2.10,2.85
2011.05.19 22:32:03.329,0.93968,0.94027,2.10,2.85
2011.05.19 22:32:05.384,0.93968,0.94032,2.10,2.85
2011.05.19 22:32:07.049,0.93967,0.94028,2.10,2.85
2011.05.19 22:32:07.154,0.93967,0.94028,2.10,2.85
2011.05.19 22:32:08.299,0.93967,0.94028,2.10,2.85
2011.05.19 22:32:12.274,0.93958,0.94027,2.10,2.85
2011.05.19 22:32:12.383,0.93967,0.94028,2.10,2.85
2011.05.19 22:32:12.785,0.93967,0.94028,2.10,2.85
2011.05.19 22:32:13.255,0.93967,0.94028,2.10,2.85
2011.05.19 22:32:13.815,0.93967,0.94028,2.10,2.85
2011.05.19 22:32:28.003,0.93967,0.94028,2.85,2.85
2011.05.19 22:32:28.224,0.93977,0.94033,2.10,2.10
2011.05.19 22:32:28.554,0.93987,0.94053,2.10,2.85
2011.05.19 22:32:29.283,0.93988,0.94062,2.10,2.85
2011.05.19 22:32:29.883,0.93988,0.94062,2.10,2.85
2011.05.19 22:32:30.214,0.93988,0.94047,2.10,2.85
2011.05.19 22:32:30.822,0.93987,0.94053,2.10,2.85
2011.05.19 22:32:31.236,0.93987,0.94053,2.10,2.85
2011.05.19 22:32:31.343,0.93978,0.94047,2.10,2.85
2011.05.19 22:32:33.106,0.93978,0.94047,2.85,2.85
2011.05.19 22:32:34.894,0.93988,0.94047,2.10,2.85
2011.05.19 22:32:37.465,0.93988,0.94047,2.10,2.85
2011.05.19 22:32:38.456,0.93987,0.94048,2.10,2.85
2011.05.19 22:32:42.334,0.93987,0.94048,2.10,2.85
2011.05.19 22:32:43.446,0.93987,0.94048,2.85,2.85
2011.05.19 22:32:44.435,0.93987,0.94048,2.85,2.85
2011.05.19 22:32:46.344,0.93987,0.94048,2.10,2.85
2011.05.19 22:32:46.564,0.93978,0.94037,2.48,2.85
2011.05.19 22:32:46.783,0.93977,0.94043,2.48,2.85
2011.05.19 22:32:47.003,0.93977,0.94043,2.85,2.85
2011.05.19 22:32:47.113,0.93977,0.94038,2.48,2.10
2011.05.19 22:32:47.693,0.93978,0.94038,1.13,2.85
2011.05.19 22:32:47.935,0.93978,0.94043,1.13,2.85
2011.05.19 22:32:48.045,0.93978,0.94043,1.13,2.85
2011.05.19 22:32:49.198,0.93988,0.94047,2.10,2.85
2011.05.19 22:32:49.737,0.93988,0.94047,2.10,2.85
2011.05.19 22:32:52.326,0.93977,0.94038,3.23,2.85
2011.05.19 22:32:52.795,0.93978,0.94038,1.13,2.85
2011.05.19 22:32:54.447,0.93978,0.94038,1.13,2.85
2011.05.19 22:33:01.233,0.93982,0.94038,1.13,2.10
2011.05.19 22:33:01.453,0.93982,0.94042,1.13,2.85
2011.05.19 22:33:03.975,0.93979,0.94042,1.13,2.85
2011.05.19 22:33:06.523,0.93979,0.94043,1.13,2.85
2011.05.19 22:33:24.796,0.93987,0.94043,2.10,2.85
2011.05.19 22:33:25.145,0.93987,0.94043,2.85,2.85
2011.05.19 22:33:30.426,0.93987,0.94043,2.10,2.85
2011.05.19 22:33:30.754,0.93978,0.94047,2.10,2.85
2011.05.19 22:33:31.084,0.93969,0.94048,1.13,2.85
2011.05.19 22:33:31.193,0.93978,0.94037,2.10,2.10
2011.05.19 22:33:32.405,0.93978,0.94037,2.10,2.85
2011.05.19 22:33:33.396,0.93978,0.94037,2.85,2.85
2011.05.19 22:34:12.686,0.93978,0.94037,2.10,2.85
2011.05.19 22:34:13.108,0.93978,0.94037,2.85,2.10
2011.05.19 22:34:13.613,0.93977,0.94038,2.85,2.10
2011.05.19 22:34:14.384,0.93977,0.94038,2.85,2.85
2011.05.19 22:34:15.317,0.93977,0.94038,2.85,2.85
2011.05.19 22:34:16.756,0.93977,0.94038,2.10,2.85
2011.05.19 22:34:16.863,0.93968,0.94037,2.85,2.85
2011.05.19 22:34:19.667,0.93968,0.94037,2.85,2.85
2011.05.19 22:34:19.773,0.93972,0.94037,1.13,2.85
2011.05.19 22:34:20.105,0.93967,0.94038,2.85,2.85
2011.05.19 22:34:21.376,0.93967,0.94038,2.85,2.85
2011.05.19 22:34:21.703,0.93987,0.94043,2.10,2.85
2011.05.19 22:34:21.814,0.93968,0.94037,2.85,2.85
2011.05.19 22:34:22.033,0.93978,0.94037,2.10,2.85
2011.05.19 22:34:23.583,0.93978,0.94037,2.10,2.85
2011.05.19 22:34:23.905,0.93978,0.94037,2.85,2.10
2011.05.19 22:34:24.233,0.93988,0.94042,2.10,2.85
2011.05.19 22:34:24.993,0.93988,0.94042,2.10,2.85
2011.05.19 22:34:25.906,0.93978,0.94037,2.85,2.10
2011.05.19 22:34:27.425,0.93978,0.94037,2.85,2.10
2011.05.19 22:34:28.414,0.93978,0.94037,2.85,2.85
2011.05.19 22:34:28.794,0.93987,0.94043,2.10,2.85
2011.05.19 22:34:30.185,0.93978,0.94037,2.85,2.10
2011.05.19 22:34:30.464,0.93978,0.94037,2.85,2.85
2011.05.19 22:34:32.514,0.93978,0.94037,2.10,2.85
2011.05.19 22:34:32.623,0.93968,0.94037,2.85,2.85
2011.05.19 22:34:32.734,0.93975,0.94037,1.13,2.10
2011.05.19 22:34:32.844,0.93987,0.94043,2.10,2.85
2011.05.19 22:34:33.145,0.93987,0.94043,2.10,2.85
2011.05.19 22:34:33.363,0.93967,0.94038,2.85,2.85
2011.05.19 22:34:33.693,0.93978,0.94037,2.10,2.85
2011.05.19 22:34:35.287,0.93978,0.94037,2.10,2.85
2011.05.19 22:34:35.674,0.93978,0.94037,2.85,2.85
2011.05.19 22:34:42.493,0.93978,0.94037,2.85,2.10
2011.05.19 22:34:42.824,0.93977,0.94038,2.85,2.85
2011.05.19 22:34:44.364,0.93977,0.94038,2.85,2.85
2011.05.19 22:34:44.474,0.93977,0.94038,2.85,2.85
2011.05.19 22:34:44.693,0.93988,0.94042,2.10,2.85
2011.05.19 22:34:48.964,0.93978,0.94037,2.10,2.85
2011.05.19 22:34:49.974,0.93978,0.94037,2.85,2.85
2011.05.19 22:34:52.733,0.93978,0.94037,2.85,2.10
2011.05.19 22:34:53.063,0.93977,0.94038,2.10,2.85
2011.05.19 22:34:54.156,0.93977,0.94038,2.85,2.85
2011.05.19 22:34:54.924,0.93977,0.94038,2.85,2.10
2011.05.19 22:34:55.387,0.93987,0.94043,2.10,2.85
2011.05.19 22:34:57.954,0.93987,0.94043,2.10,2.85
2011.05.19 22:34:58.063,0.93977,0.94038,2.85,2.85
2011.05.19 22:34:58.963,0.93977,0.94038,2.85,2.85
2011.05.19 22:34:59.624,0.93968,0.94037,2.85,2.85
2011.05.19 22:35:00.313,0.93968,0.94037,2.85,2.85
2011.05.19 22:35:01.223,0.93968,0.94037,2.85,2.85
2011.05.19 22:35:02.154,0.93969,0.94037,1.13,2.85
2011.05.19 22:35:02.483,0.93978,0.94042,2.10,2.85
2011.05.19 22:35:02.593,0.93978,0.94042,2.10,2.85
2011.05.19 22:35:02.923,0.93987,0.94043,2.10,2.85
2011.05.19 22:35:03.264,0.93977,0.94043,2.10,2.85
2011.05.19 22:35:04.746,0.93977,0.94043,2.85,2.85
2011.05.19 22:35:06.414,0.93977,0.94043,2.10,2.85
2011.05.19 22:35:07.433,0.93988,0.94047,2.10,2.85
2011.05.19 22:35:08.794,0.93988,0.94047,2.10,2.85
2011.05.19 22:35:08.903,0.93978,0.94047,2.10,2.85
2011.05.19 22:35:09.484,0.93969,0.94047,1.13,2.85
2011.05.19 22:35:09.703,0.93978,0.94047,2.10,2.85
2011.05.19 22:35:11.503,0.93988,0.94047,2.10,2.85
2011.05.19 22:35:13.415,0.93988,0.94047,2.10,2.85
2011.05.19 22:35:13.963,0.93977,0.94048,2.10,2.85
2011.05.19 22:35:15.395,0.93977,0.94048,2.10,2.85
2011.05.19 22:35:16.604,0.93977,0.94048,2.85,2.85
2011.05.19 22:35:17.153,0.93987,0.94048,2.10,2.85
2011.05.19 22:35:18.274,0.93987,0.94048,2.10,2.85
2011.05.19 22:35:19.083,0.93978,0.94047,2.10,2.85
2011.05.19 22:35:19.504,0.93968,0.94047,2.85,2.85
2011.05.19 22:35:19.833,0.93978,0.94047,2.10,2.85
2011.05.19 22:35:22.435,0.93978,0.94047,2.85,2.85
2011.05.19 22:35:24.034,0.93987,0.94048,2.10,2.85
2011.05.19 22:35:25.404,0.93987,0.94048,2.10,2.85
2011.05.19 22:35:26.383,0.93977,0.94048,2.10,2.85
2011.05.19 22:35:27.153,0.93968,0.94047,2.85,2.85
2011.05.19 22:35:28.374,0.93968,0.94047,2.85,2.85
2011.05.19 22:35:29.993,0.93978,0.94047,2.10,2.85
2011.05.19 22:35:31.455,0.93978,0.94047,2.10,2.85
2011.05.19 22:35:32.333,0.93978,0.94047,2.10,2.85
2011.05.19 22:35:32.443,0.93988,0.94047,2.10,2.85
2011.05.19 22:35:32.554,0.93988,0.94047,2.10,2.10
2011.05.19 22:35:33.102,0.93987,0.94053,2.85,2.85
2011.05.19 22:35:33.765,0.93987,0.94053,2.10,2.85
2011.05.19 22:35:34.474,0.93987,0.94053,2.10,2.85
2011.05.19 22:35:34.694,0.93977,0.94053,2.85,2.85
2011.05.19 22:35:37.253,0.93977,0.94053,2.10,2.85
2011.05.19 22:35:37.885,0.93978,0.94047,2.10,2.85
2011.05.19 22:35:37.993,0.93978,0.94047,2.85,2.85
2011.05.19 22:35:51.025,0.93978,0.94052,2.10,2.85
2011.05.19 22:35:51.204,0.93978,0.94052,2.10,2.85
2011.05.19 22:35:51.315,0.93968,0.94047,2.85,2.85
2011.05.19 22:35:51.424,0.93971,0.94047,1.13,2.85
2011.05.19 22:35:52.018,0.93972,0.94047,1.13,2.85
2011.05.19 22:35:52.699,0.93967,0.94048,3.60,2.85
2011.05.19 22:35:52.805,0.93972,0.94048,1.13,2.85
2011.05.19 22:35:53.444,0.93971,0.94048,1.13,2.85
2011.05.19 22:35:53.906,0.93971,0.94048,1.50,2.85
2011.05.19 22:35:54.014,0.93976,0.94048,1.50,2.85
2011.05.19 22:35:54.453,0.93977,0.94048,3.60,2.85
2011.05.19 22:35:54.866,0.93977,0.94048,3.60,2.85
2011.05.19 22:35:54.973,0.93986,0.94048,1.13,2.85
2011.05.19 22:35:55.426,0.93988,0.94052,2.10,2.85
2011.05.19 22:35:55.533,0.93988,0.94052,2.10,2.85
2011.05.19 22:35:55.853,0.93988,0.94052,2.10,2.85
2011.05.19 22:35:57.223,0.93978,0.94052,2.10,2.85
2011.05.19 22:35:57.333,0.93971,0.94048,1.13,2.85
2011.05.19 22:35:58.507,0.93975,0.94048,1.13,2.85
2011.05.19 22:35:59.374,0.93978,0.94047,2.48,2.85
2011.05.19 22:35:59.484,0.93981,0.94047,1.13,2.85
2011.05.19 22:35:59.595,0.93988,0.94052,2.10,2.85
2011.05.19 22:36:02.004,0.93988,0.94052,2.10,2.85
2011.05.19 22:36:02.224,0.93978,0.94047,2.10,2.85
2011.05.19 22:36:02.553,0.93978,0.94047,2.85,2.85
2011.05.19 22:36:02.978,0.93978,0.94047,2.10,2.85
2011.05.19 22:36:04.375,0.93978,0.94047,2.10,2.85
2011.05.19 22:36:10.264,0.93978,0.94047,2.85,2.85
2011.05.19 22:36:10.593,0.93987,0.94048,2.48,2.85
2011.05.19 22:36:12.243,0.93987,0.94048,2.10,2.85
2011.05.19 22:36:12.464,0.93977,0.94048,3.23,2.85
2011.05.19 22:36:12.684,0.93977,0.94048,2.10,2.85
2011.05.19 22:36:14.384,0.93977,0.94048,2.10,2.85
2011.05.19 22:36:15.374,0.93977,0.94048,2.85,2.85
2011.05.19 22:36:24.396,0.93977,0.94038,2.85,2.10
2011.05.19 22:36:26.174,0.93977,0.94043,2.85,2.85
2011.05.19 22:36:27.616,0.93987,0.94043,2.10,2.85
2011.05.19 22:36:27.724,0.93987,0.94043,2.10,2.85
2011.05.19 22:36:27.944,0.93987,0.94043,2.10,2.10
2011.05.19 22:36:28.544,0.93987,0.94043,2.85,2.85
2011.05.19 22:36:29.024,0.93979,0.94047,1.13,2.85
2011.05.19 22:36:29.133,0.93978,0.94047,2.48,2.85
2011.05.19 22:36:29.685,0.93981,0.94047,1.13,2.85
2011.05.19 22:36:30.448,0.93978,0.94037,3.23,2.10
2011.05.19 22:36:30.556,0.93988,0.94042,2.10,2.10
2011.05.19 22:36:31.384,0.93988,0.94042,2.10,2.85
2011.05.19 22:36:33.444,0.93988,0.94042,2.10,2.85
2011.05.19 22:36:34.494,0.93988,0.94042,2.10,2.85
2011.05.19 22:36:34.966,0.93988,0.94042,2.85,2.85
2011.05.19 22:36:35.184,0.93988,0.94042,2.10,2.10
2011.05.19 22:36:35.463,0.93988,0.94042,2.85,2.10
2011.05.19 22:36:36.523,0.93988,0.94042,2.85,2.85
2011.05.19 22:36:38.254,0.9399,0.94042,1.13,2.10
2011.05.19 22:36:38.365,0.93997,0.94053,2.10,2.85
2011.05.19 22:36:38.475,0.93997,0.94053,2.85,2.85
2011.05.19 22:36:38.997,0.93997,0.94053,2.10,2.85
2011.05.19 22:36:39.434,0.93988,0.94047,2.10,2.10
2011.05.19 22:36:41.396,0.93988,0.94047,2.10,2.85
2011.05.19 22:36:50.574,0.93987,0.94048,2.10,2.85
2011.05.19 22:36:52.514,0.93987,0.94048,2.10,2.85
2011.05.19 22:36:52.734,0.93988,0.94052,2.48,2.85
2011.05.19 22:36:53.319,0.93988,0.94052,2.48,2.85
2011.05.19 22:36:53.658,0.94028,0.94092,2.10,2.85
2011.05.19 22:36:53.985,0.94028,0.94092,2.10,2.85
2011.05.19 22:36:54.534,0.94027,0.94093,2.10,2.85
2011.05.19 22:36:55.167,0.94028,0.94102,2.10,2.85
2011.05.19 22:36:55.744,0.94028,0.94102,2.10,2.85
2011.05.19 22:36:56.304,0.94028,0.94102,2.10,2.85
2011.05.19 22:36:56.985,0.94028,0.94102,2.10,2.85
2011.05.19 22:36:57.425,0.94048,0.94112,2.10,2.85
2011.05.19 22:36:58.385,0.94048,0.94112,2.10,2.85
2011.05.19 22:36:58.786,0.94048,0.94112,2.10,2.85
2011.05.19 22:36:59.005,0.94048,0.94112,2.10,2.85
2011.05.19 22:36:59.114,0.94038,0.94112,2.10,2.85
2011.05.19 22:36:59.444,0.94028,0.94112,2.10,2.85
2011.05.19 22:37:00.585,0.94027,0.94108,2.85,2.85
2011.05.19 22:37:03.005,0.94027,0.94108,2.85,2.85
2011.05.19 22:37:04.474,0.94038,0.94107,2.10,2.85
2011.05.19 22:37:05.306,0.94038,0.94107,2.10,2.85
2011.05.19 22:37:06.484,0.94038,0.94107,2.85,2.85
2011.05.19 22:37:07.294,0.94038,0.94107,2.10,2.85
2011.05.19 22:37:07.404,0.94028,0.94107,2.85,2.85
2011.05.19 22:37:07.887,0.94028,0.94107,2.85,2.85
2011.05.19 22:37:08.108,0.94028,0.94107,2.10,2.85
2011.05.19 22:37:09.207,0.94028,0.94107,2.85,2.85
2011.05.19 22:37:16.015,0.94028,0.94107,2.85,2.85
2011.05.19 22:37:17.466,0.94027,0.94098,2.85,2.85
2011.05.19 22:37:18.344,0.94027,0.94098,2.85,2.85
2011.05.19 22:37:18.565,0.94047,0.94103,2.10,2.85
2011.05.19 22:37:18.784,0.94047,0.94103,2.10,2.85
2011.05.19 22:37:19.334,0.94037,0.94113,2.10,2.85
2011.05.19 22:37:19.555,0.94047,0.94113,2.10,2.85
2011.05.19 22:37:19.775,0.94047,0.94113,2.10,2.85
2011.05.19 22:37:19.884,0.94047,0.94113,2.10,2.85
2011.05.19 22:37:20.436,0.94048,0.94107,2.10,2.85
2011.05.19 22:37:22.794,0.94038,0.94107,2.85,2.85
2011.05.19 22:37:24.405,0.94038,0.94107,2.85,2.85
2011.05.19 22:37:25.228,0.94038,0.94107,2.10,2.85
2011.05.19 22:37:25.336,0.94037,0.94108,2.10,2.85
2011.05.19 22:37:25.764,0.94037,0.94108,2.85,2.85
2011.05.19 22:37:25.875,0.94037,0.94108,2.85,2.85
2011.05.19 22:37:25.984,0.94048,0.94107,2.10,2.85
2011.05.19 22:37:26.405,0.94048,0.94107,2.10,2.85
2011.05.19 22:37:31.754,0.94047,0.94113,2.10,2.85
2011.05.19 22:37:31.864,0.94047,0.94113,2.10,2.85
2011.05.19 22:37:33.415,0.94047,0.94113,2.85,2.85
2011.05.19 22:37:33.955,0.94047,0.94113,2.85,2.85
2011.05.19 22:37:35.484,0.94047,0.94108,2.10,2.85
2011.05.19 22:37:35.784,0.94037,0.94108,2.85,2.85
2011.05.19 22:37:36.004,0.94037,0.94108,2.10,2.85
2011.05.19 22:37:36.114,0.94037,0.94098,2.85,2.10
2011.05.19 22:37:37.374,0.94037,0.94098,2.10,2.85
2011.05.19 22:37:38.038,0.94037,0.94098,2.85,2.85
2011.05.19 22:37:38.915,0.94037,0.94098,2.85,2.85
2011.05.19 22:37:39.456,0.94038,0.94102,2.10,2.85
2011.05.19 22:37:39.820,0.94038,0.94102,2.85,2.85
2011.05.19 22:37:39.925,0.94047,0.94103,2.10,2.85
2011.05.19 22:37:42.436,0.94047,0.94103,2.10,2.85
2011.05.19 22:37:47.524,0.94047,0.94103,2.10,2.85
2011.05.19 22:37:48.188,0.94048,0.94112,2.10,2.85
2011.05.19 22:37:49.153,0.94048,0.94112,2.85,2.85
2011.05.19 22:37:50.025,0.94048,0.94112,2.10,2.85
2011.05.19 22:37:50.575,0.94047,0.94108,2.10,2.85
2011.05.19 22:37:50.685,0.94037,0.94108,2.85,2.85
2011.05.19 22:37:52.725,0.94037,0.94108,2.85,2.85
2011.05.19 22:37:52.834,0.94037,0.94108,2.85,2.85
2011.05.19 22:37:53.055,0.94048,0.94112,2.10,2.85
2011.05.19 22:37:54.244,0.94048,0.94112,2.10,2.85
2011.05.19 22:37:54.573,0.94047,0.94108,2.85,2.85
2011.05.19 22:37:55.416,0.94047,0.94113,2.10,2.85
2011.05.19 22:37:55.634,0.94038,0.94117,2.85,2.85
2011.05.19 22:37:57.125,0.94038,0.94097,2.85,2.10
2011.05.19 22:37:57.895,0.94038,0.94097,2.10,2.10
2011.05.19 22:37:58.325,0.94038,0.94097,2.85,2.10
2011.05.19 22:37:58.886,0.94038,0.94097,2.10,2.85
2011.05.19 22:37:59.375,0.94038,0.94097,2.85,2.10
2011.05.19 22:38:00.365,0.94038,0.94097,2.85,2.85
2011.05.19 22:38:00.474,0.94028,0.94097,2.85,2.85
2011.05.19 22:38:00.585,0.94028,0.94097,2.85,2.85
2011.05.19 22:38:00.694,0.94028,0.94097,2.85,2.10
2011.05.19 22:38:01.245,0.94037,0.94103,2.10,2.85
2011.05.19 22:38:01.695,0.94037,0.94103,2.85,2.85
2011.05.19 22:38:01.804,0.94037,0.94103,2.85,2.85
2011.05.19 22:38:02.516,0.94037,0.94103,2.85,2.85
2011.05.19 22:38:03.217,0.94037,0.94103,2.85,2.85
2011.05.19 22:38:04.825,0.94037,0.94103,2.85,2.85
2011.05.19 22:38:05.155,0.94037,0.94103,2.85,2.85
2011.05.19 22:38:08.494,0.94037,0.94103,2.85,2.85
2011.05.19 22:38:08.715,0.94037,0.94103,2.10,2.85
2011.05.19 22:38:08.935,0.94037,0.94103,2.10,2.85
2011.05.19 22:38:09.155,0.94027,0.94098,2.10,2.85
2011.05.19 22:38:09.264,0.94008,0.94097,2.85,2.85
2011.05.19 22:38:09.375,0.94018,0.94087,2.10,2.85
2011.05.19 22:38:09.815,0.94008,0.94087,2.10,2.85
2011.05.19 22:38:09.924,0.94008,0.94087,2.10,2.85
2011.05.19 22:38:10.035,0.94008,0.94087,2.10,2.85
2011.05.19 22:38:10.145,0.94008,0.94087,2.10,2.85
2011.05.19 22:38:10.584,0.93987,0.94088,2.85,2.85
2011.05.19 22:38:12.365,0.93987,0.94088,2.85,2.85
2011.05.19 22:38:12.848,0.93987,0.94088,2.85,2.85
2011.05.19 22:38:13.065,0.93987,0.94088,2.85,2.10
2011.05.19 22:38:13.174,0.94037,0.94093,2.10,2.85
2011.05.19 22:38:13.710,0.94037,0.94093,2.10,2.85
2011.05.19 22:38:15.045,0.94037,0.94093,2.10,2.85
2011.05.19 22:38:15.264,0.94028,0.94087,2.10,2.85
2011.05.19 22:38:15.374,0.94028,0.94087,2.10,2.10
2011.05.19 22:38:15.484,0.94017,0.94093,2.85,2.85
2011.05.19 22:38:16.216,0.94017,0.94093,2.10,2.85
2011.05.19 22:38:17.264,0.94017,0.94093,2.85,2.85
2011.05.19 22:38:17.595,0.94028,0.94087,2.10,2.10
2011.05.19 22:38:17.814,0.94018,0.94087,2.10,2.85
2011.05.19 22:38:18.504,0.94018,0.94087,2.85,2.85
2011.05.19 22:38:19.456,0.94018,0.94087,2.85,2.85
2011.05.19 22:38:19.998,0.94018,0.94087,2.10,2.85
2011.05.19 22:38:20.995,0.94018,0.94087,2.85,2.85
2011.05.19 22:38:21.524,0.94018,0.94087,2.85,2.85
2011.05.19 22:38:22.525,0.94018,0.94087,2.85,2.85
2011.05.19 22:38:22.634,0.94028,0.94087,2.10,2.85
2011.05.19 22:38:23.726,0.94028,0.94092,2.10,2.85
2011.05.19 22:38:24.423,0.94028,0.94092,2.10,2.85
2011.05.19 22:38:25.014,0.94028,0.94092,2.85,2.85
2011.05.19 22:38:29.015,0.94028,0.94092,2.85,2.85
2011.05.19 22:38:30.655,0.94028,0.94092,2.85,2.85
2011.05.19 22:38:32.503,0.94028,0.94092,2.85,2.85
2011.05.19 22:38:36.155,0.94028,0.94092,2.10,2.85
2011.05.19 22:38:36.926,0.94027,0.94093,2.85,3.45
2011.05.19 22:38:38.455,0.94027,0.94093,2.85,3.45
2011.05.19 22:38:42.976,0.94027,0.94093,2.10,3.45
2011.05.19 22:38:49.443,0.94017,0.94093,2.85,3.45
2011.05.19 22:39:00.545,0.94017,0.94078,2.85,2.10
2011.05.19 22:39:01.850,0.94017,0.94078,2.85,2.10
2011.05.19 22:39:03.445,0.94017,0.94078,2.10,2.10
2011.05.19 22:39:04.457,0.94017,0.94078,2.10,2.85
2011.05.19 22:39:09.734,0.94017,0.94078,2.85,2.10
2011.05.19 22:39:10.055,0.94017,0.94078,2.85,2.85
2011.05.19 22:39:10.814,0.94017,0.94078,2.10,2.85
2011.05.19 22:39:11.954,0.94017,0.94078,2.10,2.85
2011.05.19 22:39:13.464,0.94017,0.94078,2.10,2.85
2011.05.19 22:39:14.281,0.94017,0.94078,2.10,2.85
2011.05.19 22:39:15.956,0.94008,0.94067,2.85,2.85
2011.05.19 22:39:23.986,0.94008,0.94067,2.85,2.10
2011.05.19 22:39:25.113,0.94008,0.94072,2.85,2.85
2011.05.19 22:39:25.223,0.94008,0.94072,2.85,2.85
2011.05.19 22:39:25.553,0.94008,0.94072,2.85,2.85
2011.05.19 22:39:26.454,0.94008,0.94072,2.85,2.85
2011.05.19 22:39:28.493,0.94008,0.94072,2.85,2.85
2011.05.19 22:39:29.317,0.94008,0.94072,2.85,2.85
2011.05.19 22:39:32.529,0.94008,0.94072,2.85,2.85
2011.05.19 22:39:33.504,0.94008,0.94072,2.85,2.85
2011.05.19 22:39:35.008,0.94008,0.94072,2.85,2.10
2011.05.19 22:39:35.225,0.94008,0.94072,2.85,2.85
2011.05.19 22:39:35.334,0.94008,0.94067,2.85,2.10
2011.05.19 22:39:35.594,0.94008,0.94067,2.85,2.10
2011.05.19 22:39:37.137,0.94008,0.94067,2.10,2.85
2011.05.19 22:39:37.255,0.94008,0.94067,2.10,2.10
2011.05.19 22:39:39.457,0.94008,0.94067,2.10,2.85
2011.05.19 22:39:44.517,0.94008,0.94067,2.10,2.85
2011.05.19 22:39:46.006,0.94008,0.94067,2.10,2.85
2011.05.19 22:39:47.256,0.94008,0.94067,2.10,2.85
2011.05.19 22:39:48.095,0.94008,0.94067,2.10,2.85
2011.05.19 22:39:48.697,0.94008,0.94067,2.10,2.85
2011.05.19 22:39:55.427,0.94008,0.94067,2.10,2.85
2011.05.19 22:39:55.535,0.93997,0.94068,2.85,2.85
2011.05.19 22:40:00.194,0.93997,0.94068,2.85,2.85
2011.05.19 22:40:01.158,0.93997,0.94068,2.10,2.85
2011.05.19 22:40:05.815,0.94007,0.94068,2.10,2.85
2011.05.19 22:40:06.420,0.94007,0.94068,2.10,2.85
2011.05.19 22:40:07.426,0.94007,0.94068,2.85,2.85
2011.05.19 22:40:08.186,0.94007,0.94068,2.85,2.85
2011.05.19 22:40:08.564,0.94007,0.94068,2.85,2.85
2011.05.19 22:40:10.947,0.94007,0.94068,2.10,2.85
2011.05.19 22:40:11.734,0.94007,0.94068,2.10,2.85
2011.05.19 22:40:12.108,0.94007,0.94068,2.85,2.85
2011.05.19 22:40:12.217,0.94007,0.94068,2.10,2.85
2011.05.19 22:40:12.696,0.94007,0.94068,2.85,2.85
2011.05.19 22:40:13.257,0.94007,0.94068,2.10,2.85
2011.05.19 22:40:14.356,0.94007,0.94068,2.85,2.85
2011.05.19 22:40:16.457,0.94007,0.94068,2.85,2.85
2011.05.19 22:40:17.266,0.94007,0.94068,2.10,2.85
2011.05.19 22:40:18.442,0.94007,0.94068,2.85,2.85
2011.05.19 22:40:19.457,0.94007,0.94073,2.85,2.85
2011.05.19 22:40:21.383,0.94007,0.94073,2.10,2.85
2011.05.19 22:40:27.651,0.94007,0.94073,2.85,2.85
2011.05.19 22:40:28.604,0.94007,0.94073,2.10,2.85
2011.05.19 22:40:30.865,0.94007,0.94073,2.10,2.85
2011.05.19 22:40:31.085,0.93997,0.94068,2.10,2.85
2011.05.19 22:40:31.665,0.93997,0.94068,2.85,2.85
2011.05.19 22:40:34.537,0.93997,0.94068,2.10,2.85
2011.05.19 22:40:34.885,0.93997,0.94068,2.10,2.85
2011.05.19 22:40:35.136,0.93997,0.94068,2.85,2.85
2011.05.19 22:40:36.354,0.93997,0.94073,2.10,2.85
2011.05.19 22:40:37.806,0.93998,0.94067,2.10,2.85
2011.05.19 22:40:38.355,0.93998,0.94072,2.10,2.85
2011.05.19 22:40:38.978,0.93998,0.94072,2.10,2.85
2011.05.19 22:40:40.407,0.93998,0.94072,2.10,2.85
2011.05.19 22:40:46.639,0.93998,0.94072,2.10,2.85
2011.05.19 22:40:47.679,0.93998,0.94072,2.10,2.85
2011.05.19 22:40:47.896,0.93988,0.94067,2.10,2.85
2011.05.19 22:40:48.115,0.93988,0.94067,2.10,2.85
2011.05.19 22:40:48.225,0.93988,0.94067,2.10,2.85
2011.05.19 22:40:48.644,0.93988,0.94067,2.10,2.85
2011.05.19 22:40:48.987,0.93988,0.94067,2.85,2.85
2011.05.19 22:40:49.546,0.93988,0.94067,2.10,2.85
2011.05.19 22:40:51.395,0.93988,0.94067,2.85,3.23
2011.05.19 22:40:52.395,0.93988,0.94067,2.10,3.23
2011.05.19 22:40:52.688,0.93988,0.94067,2.10,3.23
2011.05.19 22:40:52.807,0.93988,0.94067,2.10,3.23
2011.05.19 22:40:53.825,0.93988,0.94067,2.10,3.23
2011.05.19 22:40:54.155,0.93987,0.94063,2.10,2.10
2011.05.19 22:40:55.027,0.93987,0.94063,2.85,2.10
2011.05.19 22:40:55.244,0.93987,0.94063,2.85,2.10
2011.05.19 22:40:55.890,0.93987,0.94063,2.10,2.10
2011.05.19 22:40:56.315,0.93987,0.94063,2.10,2.10
2011.05.19 22:40:56.723,0.93987,0.94063,2.85,2.10
2011.05.19 22:40:57.345,0.93987,0.94063,2.85,2.10
2011.05.19 22:40:59.146,0.93987,0.94063,2.85,2.10
2011.05.19 22:40:59.697,0.93987,0.94063,2.85,2.10
2011.05.19 22:41:01.447,0.93987,0.94063,2.85,2.10
2011.05.19 22:41:01.831,0.93987,0.94063,2.85,2.10
2011.05.19 22:41:03.574,0.93987,0.94063,2.85,2.10
2011.05.19 22:41:03.685,0.93987,0.94063,2.85,2.10
2011.05.19 22:41:03.795,0.93987,0.94063,2.85,2.10
2011.05.19 22:41:08.684,0.93987,0.94063,2.85,2.10
2011.05.19 22:41:10.017,0.93987,0.94063,2.85,2.10
2011.05.19 22:41:10.477,0.93987,0.94063,2.85,2.10
2011.05.19 22:41:11.288,0.93988,0.94057,2.10,2.85
2011.05.19 22:41:12.086,0.93977,0.94058,2.85,2.85
2011.05.19 22:41:12.866,0.93977,0.94058,2.85,2.85
2011.05.19 22:41:13.194,0.93977,0.94058,2.85,2.85
2011.05.19 22:41:13.694,0.93977,0.94058,2.85,2.85
2011.05.19 22:41:14.204,0.93977,0.94058,2.85,2.85
2011.05.19 22:41:15.077,0.93977,0.94058,2.85,2.85
2011.05.19 22:41:20.455,0.93977,0.94058,2.85,2.85
2011.05.19 22:41:20.785,0.93977,0.94058,2.85,2.85
2011.05.19 22:41:27.067,0.93978,0.94057,2.85,2.85
2011.05.19 22:41:27.187,0.93978,0.94057,2.85,2.85
2011.05.19 22:41:27.294,0.93988,0.94057,2.10,2.85
2011.05.19 22:41:29.464,0.93988,0.94062,2.85,2.85
2011.05.19 22:41:51.385,0.93988,0.94062,2.85,2.85
2011.05.19 22:41:59.525,0.93988,0.94062,2.85,2.85
2011.05.19 22:42:00.416,0.93988,0.94062,2.85,2.85
2011.05.19 22:42:00.815,0.93977,0.94058,3.23,2.85
2011.05.19 22:42:01.034,0.93987,0.94063,2.85,2.85
2011.05.19 22:42:01.145,0.93998,0.94069,2.10,1.73
2011.05.19 22:42:01.854,0.93997,0.94068,2.10,2.85
2011.05.19 22:42:07.264,0.94008,0.94067,2.10,2.85
2011.05.19 22:42:09.376,0.94008,0.94067,2.10,2.85
2011.05.19 22:42:12.364,0.94008,0.94067,2.10,2.85
2011.05.19 22:42:13.330,0.94008,0.94067,2.10,2.85
2011.05.19 22:42:15.585,0.94008,0.94067,2.10,2.85
2011.05.19 22:42:24.594,0.93997,0.94058,2.10,2.10
2011.05.19 22:42:25.375,0.93997,0.94058,2.10,2.85
2011.05.19 22:42:26.365,0.93997,0.94058,2.10,2.85
2011.05.19 22:42:29.445,0.93997,0.94058,2.10,2.85
2011.05.19 22:42:29.554,0.93997,0.94058,2.10,2.85
2011.05.19 22:42:29.785,0.93997,0.94058,2.10,2.85
2011.05.19 22:42:30.022,0.93987,0.94058,2.10,2.85
2011.05.19 22:42:30.244,0.93987,0.94058,2.10,2.85
2011.05.19 22:42:30.690,0.93987,0.94058,2.10,2.85
2011.05.19 22:42:31.386,0.93988,0.94047,2.10,2.85
2011.05.19 22:42:32.015,0.93988,0.94047,2.10,2.85
2011.05.19 22:42:34.385,0.93988,0.94047,2.10,2.85
2011.05.19 22:42:34.605,0.93978,0.94037,2.10,2.10
2011.05.19 22:42:35.386,0.93978,0.94037,2.10,2.85
2011.05.19 22:42:36.375,0.93978,0.94037,2.10,2.85
2011.05.19 22:42:36.945,0.93978,0.94037,2.10,2.85
2011.05.19 22:42:39.627,0.93978,0.94037,2.10,2.85
2011.05.19 22:42:40.896,0.93978,0.94037,2.10,2.10
2011.05.19 22:42:42.426,0.93978,0.94037,2.10,2.85
2011.05.19 22:42:43.368,0.93978,0.94037,2.10,2.85
2011.05.19 22:42:43.649,0.93978,0.94037,2.10,2.85
2011.05.19 22:42:48.654,0.93988,0.94037,2.10,2.85
2011.05.19 22:42:48.765,0.93977,0.94038,2.10,2.85
2011.05.19 22:42:52.165,0.93977,0.94038,2.85,2.85
2011.05.19 22:42:52.276,0.93988,0.94042,2.10,2.85
2011.05.19 22:42:52.615,0.93988,0.94042,2.10,2.85
2011.05.19 22:42:53.085,0.93988,0.94042,2.10,2.85
2011.05.19 22:42:53.793,0.93987,0.94053,2.10,2.85
2011.05.19 22:42:57.376,0.93987,0.94053,2.10,2.85
2011.05.19 22:42:58.884,0.93977,0.94038,2.85,2.10
2011.05.19 22:42:59.215,0.93977,0.94038,2.85,2.85
2011.05.19 22:42:59.434,0.93967,0.94028,2.85,2.10
2011.05.19 22:43:00.686,0.93967,0.94028,2.85,2.85
2011.05.19 22:43:01.456,0.93967,0.94028,2.10,2.85
2011.05.19 22:43:03.215,0.93967,0.94028,2.10,2.85
2011.05.19 22:43:05.415,0.93967,0.94028,2.85,2.85
2011.05.19 22:43:14.545,0.93957,0.94028,2.85,2.85
2011.05.19 22:43:14.765,0.93948,0.94017,2.85,2.10
2011.05.19 22:43:15.206,0.93948,0.94017,2.10,2.85
2011.05.19 22:43:17.525,0.93948,0.94017,2.85,2.10
2011.05.19 22:43:17.744,0.93957,0.94023,2.10,2.85
2011.05.19 22:43:17.965,0.93968,0.94027,2.10,2.85
2011.05.19 22:43:18.075,0.93957,0.94028,2.10,2.85
2011.05.19 22:43:19.385,0.93957,0.94028,2.85,2.85
2011.05.19 22:43:20.375,0.93957,0.94028,2.85,2.10
2011.05.19 22:43:21.096,0.93957,0.94028,2.85,2.85
2011.05.19 22:43:21.434,0.93948,0.94017,2.85,2.10
2011.05.19 22:43:21.544,0.93948,0.94017,2.85,2.10
2011.05.19 22:43:22.001,0.93957,0.94018,2.10,2.85
2011.05.19 22:43:23.415,0.93957,0.94018,2.85,2.85
2011.05.19 22:43:24.075,0.93957,0.94023,2.10,2.85
2011.05.19 22:43:24.184,0.93948,0.94017,2.85,2.85
2011.05.19 22:43:24.295,0.93948,0.94017,2.85,2.10
2011.05.19 22:43:24.406,0.93957,0.94033,2.85,2.85
2011.05.19 22:43:24.965,0.93957,0.94033,2.10,2.85
2011.05.19 22:43:26.427,0.93957,0.94033,2.85,2.85
2011.05.19 22:43:26.855,0.93957,0.94033,2.85,2.85
2011.05.19 22:43:29.416,0.9395,0.94027,1.13,2.85
2011.05.19 22:43:30.385,0.9395,0.94027,1.13,2.85
2011.05.19 22:43:31.375,0.9395,0.94027,1.13,2.85
2011.05.19 22:43:32.246,0.93957,0.94033,2.85,2.85
2011.05.19 22:43:33.165,0.93968,0.94037,2.10,2.85
2011.05.19 22:43:33.636,0.93968,0.94037,2.10,2.85
2011.05.19 22:43:33.974,0.93968,0.94037,2.10,2.85
2011.05.19 22:43:35.285,0.93968,0.94037,2.85,2.85
2011.05.19 22:43:35.395,0.93968,0.94037,2.85,2.10
2011.05.19 22:43:35.505,0.93977,0.94043,2.10,2.85
2011.05.19 22:43:37.487,0.93977,0.94043,2.10,2.85
2011.05.19 22:43:40.025,0.93977,0.94043,2.85,2.85
2011.05.19 22:43:40.624,0.93967,0.94038,2.85,2.10
2011.05.19 22:43:42.376,0.93967,0.94038,2.85,2.10
2011.05.19 22:43:43.148,0.93967,0.94038,2.85,2.10
2011.05.19 22:43:43.474,0.93961,0.94028,1.13,2.10
2011.05.19 22:43:43.585,0.93968,0.94032,2.85,2.10
2011.05.19 22:43:43.805,0.93968,0.94032,2.85,2.10
2011.05.19 22:43:45.186,0.93968,0.94032,2.85,2.10
2011.05.19 22:43:45.788,0.93968,0.94032,2.85,2.10
2011.05.19 22:43:45.895,0.93968,0.94032,2.85,2.10
2011.05.19 22:43:47.216,0.93968,0.94032,2.85,2.10
2011.05.19 22:43:47.765,0.93968,0.94032,2.85,2.10
2011.05.19 22:43:47.875,0.93977,0.94043,2.85,2.85
2011.05.19 22:43:49.368,0.93977,0.94043,2.85,2.85
2011.05.19 22:43:50.298,0.93977,0.94043,2.85,2.85
2011.05.19 22:43:50.624,0.93978,0.94047,2.85,2.85
2011.05.19 22:43:51.066,0.93978,0.94047,2.85,2.85
2011.05.19 22:43:51.535,0.93967,0.94038,2.85,2.10
2011.05.19 22:43:51.644,0.93967,0.94038,2.85,2.10
2011.05.19 22:43:51.756,0.93967,0.94038,2.85,2.10
2011.05.19 22:43:54.444,0.93967,0.94038,2.85,2.10
2011.05.19 22:43:55.686,0.93967,0.94038,2.85,2.85
2011.05.19 22:43:57.445,0.93967,0.94038,2.85,2.85
2011.05.19 22:43:57.668,0.93967,0.94038,2.85,2.85
2011.05.19 22:43:59.757,0.93967,0.94038,2.85,2.85
2011.05.19 22:44:00.567,0.93967,0.94038,2.85,2.85
2011.05.19 22:44:00.785,0.93967,0.94038,2.85,2.85
2011.05.19 22:44:02.398,0.93967,0.94038,2.85,2.85
2011.05.19 22:44:03.115,0.93967,0.94038,2.85,2.85
2011.05.19 22:44:06.375,0.93967,0.94038,2.85,2.85
2011.05.19 22:44:10.393,0.93967,0.94038,2.85,2.85
2011.05.19 22:44:11.478,0.93967,0.94038,2.85,2.85
2011.05.19 22:44:12.907,0.93967,0.94038,2.85,2.85
2011.05.19 22:44:18.455,0.93967,0.94038,2.85,2.85
2011.05.19 22:44:18.963,0.93967,0.94028,2.85,2.10
2011.05.19 22:44:20.436,0.93967,0.94028,2.85,2.85
2011.05.19 22:44:29.846,0.93967,0.94033,2.85,2.85
2011.05.19 22:44:29.955,0.93987,0.94053,2.10,3.23
2011.05.19 22:44:30.175,0.93988,0.94057,2.10,2.85
2011.05.19 22:44:31.276,0.93988,0.94057,2.10,2.85
2011.05.19 22:44:32.427,0.93988,0.94057,2.85,2.85
2011.05.19 22:44:34.266,0.93988,0.94052,2.10,2.10
2011.05.19 22:44:34.375,0.93968,0.94037,2.85,2.10
2011.05.19 22:44:34.705,0.93968,0.94037,2.85,2.10
2011.05.19 22:44:35.254,0.93967,0.94038,3.45,2.10
2011.05.19 22:44:35.728,0.93967,0.94038,2.70,2.10
2011.05.19 22:44:36.385,0.93967,0.94038,3.45,2.10
2011.05.19 22:44:37.444,0.93967,0.94038,3.45,2.85
2011.05.19 22:44:38.256,0.93967,0.94038,3.45,2.10
2011.05.19 22:44:38.835,0.93968,0.94037,2.85,2.10
2011.05.19 22:44:40.225,0.93968,0.94037,2.85,2.85
2011.05.19 22:44:42.565,0.93972,0.94037,1.43,2.10
2011.05.19 22:44:43.116,0.93968,0.94037,2.85,2.10
2011.05.19 22:44:43.868,0.93968,0.94037,2.85,2.85
2011.05.19 22:44:44.386,0.93968,0.94037,2.85,2.85
2011.05.19 22:44:47.505,0.93968,0.94027,2.85,2.10
2011.05.19 22:44:48.375,0.93968,0.94027,2.85,2.85
2011.05.19 22:44:49.894,0.93968,0.94032,2.85,2.85
2011.05.19 22:44:50.796,0.93968,0.94032,2.85,2.85
2011.05.19 22:44:52.998,0.93968,0.94032,2.85,2.85
2011.05.19 22:44:53.105,0.93968,0.94032,2.85,2.85
2011.05.19 22:44:53.455,0.93967,0.94028,2.85,2.85
2011.05.19 22:44:54.031,0.93968,0.94027,2.85,2.10
2011.05.19 22:44:55.417,0.93968,0.94027,2.85,2.85
2011.05.19 22:44:55.635,0.93968,0.94027,2.85,2.10
2011.05.19 22:44:56.739,0.93968,0.94027,2.85,2.85
2011.05.19 22:45:02.314,0.93968,0.94027,2.10,2.85
2011.05.19 22:45:02.788,0.93968,0.94027,2.85,2.85
2011.05.19 22:45:08.060,0.93968,0.94027,2.10,2.85
2011.05.19 22:45:08.179,0.93968,0.94027,2.85,2.85
2011.05.19 22:45:08.475,0.93968,0.94027,2.10,2.10
2011.05.19 22:45:08.585,0.93968,0.94032,2.10,2.85
2011.05.19 22:45:09.658,0.93968,0.94032,2.10,2.85
2011.05.19 22:45:11.699,0.93968,0.94032,2.85,2.85
2011.05.19 22:45:12.679,0.93968,0.94032,2.85,2.85
2011.05.19 22:45:15.166,0.93968,0.94032,2.85,2.85
2011.05.19 22:45:19.068,0.93968,0.94032,2.85,2.85
2011.05.19 22:45:24.896,0.93968,0.94032,2.85,2.85
2011.05.19 22:45:26.436,0.93968,0.94032,2.85,2.85
2011.05.19 22:45:27.944,0.93968,0.94032,2.85,2.85
2011.05.19 22:45:28.405,0.93967,0.94028,2.85,2.10
2011.05.19 22:45:29.401,0.93967,0.94028,2.85,2.10
2011.05.19 22:45:31.015,0.93967,0.94033,2.85,2.10
2011.05.19 22:45:31.125,0.93968,0.94027,2.85,2.10
2011.05.19 22:45:33.366,0.93968,0.94027,2.85,2.10
2011.05.19 22:45:36.668,0.93968,0.94027,2.85,2.85
2011.05.19 22:45:37.107,0.93968,0.94027,2.85,2.10
2011.05.19 22:45:37.215,0.93968,0.94027,2.85,2.85
2011.05.19 22:45:41.665,0.93968,0.94027,2.85,2.10
2011.05.19 22:45:41.776,0.93967,0.94033,2.85,2.85
2011.05.19 22:45:41.885,0.93967,0.94033,2.85,2.85
2011.05.19 22:45:45.236,0.93977,0.94043,2.10,2.85
2011.05.19 22:45:45.455,0.93968,0.94037,3.45,2.85
2011.05.19 22:45:48.107,0.93968,0.94037,2.85,2.85
2011.05.19 22:45:50.276,0.93968,0.94037,2.85,2.85
2011.05.19 22:45:51.407,0.93957,0.94028,2.85,2.85
2011.05.19 22:46:11.161,0.93957,0.94028,2.85,2.85
2011.05.19 22:46:15.737,0.93957,0.94028,3.23,2.85
2011.05.19 22:46:16.598,0.93967,0.94028,2.10,2.85
2011.05.19 22:46:16.737,0.93958,0.94027,2.85,2.85
2011.05.19 22:46:16.845,0.93958,0.94027,2.85,2.85
2011.05.19 22:46:17.649,0.93958,0.94027,2.85,2.85
2011.05.19 22:46:18.765,0.93964,0.94027,1.13,2.85
2011.05.19 22:46:19.326,0.93967,0.94033,3.23,2.85
2011.05.19 22:46:19.545,0.93971,0.94043,1.13,2.85
2011.05.19 22:46:21.208,0.93972,0.94043,1.13,2.85
2011.05.19 22:46:21.437,0.93972,0.94043,1.13,2.85
2011.05.19 22:46:21.765,0.93978,0.94047,2.85,2.85
2011.05.19 22:46:22.476,0.9398,0.94047,1.13,2.85
2011.05.19 22:46:22.585,0.93988,0.94052,2.10,2.85
2011.05.19 22:46:22.695,0.93988,0.94052,2.10,2.85
2011.05.19 22:46:22.805,0.93977,0.94048,2.10,2.85
2011.05.19 22:46:23.487,0.93977,0.94048,2.85,2.85
2011.05.19 22:46:23.926,0.93977,0.94048,2.85,2.85
2011.05.19 22:46:25.657,0.93977,0.94053,2.85,2.85
2011.05.19 22:46:26.680,0.93977,0.94053,2.85,2.85
2011.05.19 22:46:27.168,0.93977,0.94053,2.85,2.85
2011.05.19 22:46:28.665,0.93977,0.94053,2.85,2.85
2011.05.19 22:46:30.753,0.93977,0.94053,2.85,2.85
2011.05.19 22:46:32.073,0.93977,0.94053,3.23,2.10
2011.05.19 22:46:32.514,0.93977,0.94053,3.23,2.85
2011.05.19 22:46:33.286,0.93977,0.94053,3.23,2.85
2011.05.19 22:46:34.758,0.93977,0.94053,3.23,2.85
2011.05.19 22:46:34.865,0.93977,0.94053,3.23,2.85
2011.05.19 22:46:35.177,0.93977,0.94053,3.23,2.85
2011.05.19 22:46:36.025,0.93977,0.94053,3.23,2.85
2011.05.19 22:46:36.276,0.93977,0.94053,3.23,2.85
2011.05.19 22:46:36.386,0.93977,0.94053,2.48,2.85
2011.05.19 22:46:36.715,0.93977,0.94053,3.23,2.85
2011.05.19 22:46:37.403,0.93977,0.94053,3.23,2.85
2011.05.19 22:46:38.716,0.93977,0.94053,3.23,2.85
2011.05.19 22:46:38.825,0.93977,0.94053,3.23,2.85
2011.05.19 22:46:41.066,0.93977,0.94053,3.23,2.85
2011.05.19 22:46:42.286,0.93977,0.94053,3.23,2.85
2011.05.19 22:46:43.116,0.93977,0.94053,3.23,2.85
2011.05.19 22:46:44.205,0.93967,0.94048,2.85,2.85
2011.05.19 22:46:44.536,0.93967,0.94048,2.85,2.85
2011.05.19 22:46:46.418,0.93967,0.94048,2.85,2.85
2011.05.19 22:46:47.627,0.93967,0.94048,2.85,2.85
2011.05.19 22:46:55.986,0.93967,0.94048,2.85,2.85
2011.05.19 22:46:57.087,0.93967,0.94048,2.85,2.85
2011.05.19 22:46:57.305,0.93967,0.94048,2.85,2.85
2011.05.19 22:46:57.747,0.93967,0.94048,2.85,2.85
2011.05.19 22:47:13.405,0.93967,0.94048,2.85,2.10
2011.05.19 22:47:14.029,0.93967,0.94048,2.85,2.10
2011.05.19 22:47:18.535,0.93967,0.94048,2.85,2.85
2011.05.19 22:47:19.425,0.93967,0.94048,2.85,2.10
2011.05.19 22:47:20.986,0.93982,0.94052,1.13,2.85
2011.05.19 22:47:21.096,0.93983,0.94052,1.13,2.85
2011.05.19 22:47:21.205,0.93988,0.94062,2.85,2.85
2011.05.19 22:47:22.425,0.93991,0.94062,1.35,2.85
2011.05.19 22:47:24.306,0.93988,0.94062,2.85,2.85
2011.05.19 22:47:33.196,0.93988,0.94062,2.85,2.85
2011.05.19 22:47:37.327,0.93988,0.94062,2.85,2.85
2011.05.19 22:47:37.546,0.93988,0.94062,2.10,2.85
2011.05.19 22:47:37.657,0.93978,0.94057,2.85,2.85
2011.05.19 22:47:37.766,0.93978,0.94047,2.85,2.10
2011.05.19 22:47:38.107,0.93977,0.94053,2.85,2.85
2011.05.19 22:47:38.217,0.93988,0.94062,2.85,2.85
2011.05.19 22:47:38.545,0.93977,0.94063,2.85,2.85
2011.05.19 22:47:40.458,0.93978,0.94057,2.85,2.85
2011.05.19 22:47:41.779,0.93978,0.94057,2.85,2.10
2011.05.19 22:47:41.996,0.93987,0.94063,2.85,2.85
2011.05.19 22:47:42.105,0.93987,0.94063,2.85,2.85
2011.05.19 22:47:42.328,0.93987,0.94063,2.85,2.85
2011.05.19 22:47:52.689,0.93987,0.94058,2.85,2.10
2011.05.19 22:47:52.795,0.93987,0.94058,2.85,2.85
2011.05.19 22:47:52.906,0.93987,0.94058,2.85,2.85
2011.05.19 22:47:54.496,0.93987,0.94058,2.85,2.85
2011.05.19 22:48:09.475,0.93978,0.94047,2.85,2.10
2011.05.19 22:48:10.130,0.93978,0.94047,2.85,2.10
2011.05.19 22:48:10.976,0.93987,0.94048,2.85,2.10
2011.05.19 22:48:12.592,0.93987,0.94048,2.85,2.85
2011.05.19 22:48:23.337,0.93987,0.94053,2.85,2.85
2011.05.19 22:48:24.678,0.93987,0.94053,2.85,2.85
2011.05.19 22:49:10.508,0.93987,0.94063,2.85,2.85
2011.05.19 22:49:12.556,0.93987,0.94063,2.85,2.85
2011.05.19 22:49:14.115,0.93987,0.94063,2.85,2.85
2011.05.19 22:49:14.664,0.93977,0.94058,2.85,2.85
2011.05.19 22:49:14.885,0.93985,0.94058,1.13,2.85
2011.05.19 22:49:16.267,0.93988,0.94057,2.85,2.85
2011.05.19 22:49:16.607,0.93988,0.94057,2.85,2.85
2011.05.19 22:49:16.715,0.93988,0.94057,2.85,2.85
2011.05.19 22:49:17.185,0.93988,0.94057,2.85,2.85
2011.05.19 22:49:17.295,0.93988,0.94057,2.85,2.85
2011.05.19 22:49:18.306,0.93988,0.94057,2.85,2.85
2011.05.19 22:49:20.078,0.93988,0.94057,2.85,2.85
2011.05.19 22:49:20.185,0.93988,0.94057,2.85,2.85
2011.05.19 22:49:21.447,0.93988,0.94057,2.85,2.85
2011.05.19 22:49:34.075,0.93988,0.94057,2.85,2.85
2011.05.19 22:49:34.229,0.93988,0.94057,2.10,2.85
2011.05.19 22:49:35.405,0.93988,0.94057,2.85,2.85
2011.05.19 22:49:37.666,0.93977,0.94058,2.85,2.85
2011.05.19 22:49:37.886,0.93977,0.94058,2.85,2.85
2011.05.19 22:49:50.155,0.93978,0.94047,2.85,2.10
2011.05.19 22:49:50.376,0.93974,0.94037,1.13,2.10
2011.05.19 22:49:50.486,0.93978,0.94052,2.85,2.85
2011.05.19 22:49:50.597,0.93998,0.94072,2.10,2.85
2011.05.19 22:49:50.925,0.93998,0.94072,2.85,2.85
2011.05.19 22:49:51.035,0.93998,0.94072,2.10,2.85
2011.05.19 22:49:52.366,0.93998,0.94072,2.85,2.85
2011.05.19 22:49:53.356,0.93998,0.94072,2.85,2.85
2011.05.19 22:49:54.735,0.93998,0.94072,2.85,2.85
2011.05.19 22:49:55.117,0.93998,0.94072,2.85,2.85
2011.05.19 22:49:56.439,0.93998,0.94072,2.85,2.85
2011.05.19 22:49:57.427,0.93998,0.94072,2.85,2.85
2011.05.19 22:50:00.629,0.93998,0.94072,2.85,2.85
2011.05.19 22:50:02.376,0.93998,0.94072,2.85,2.85
2011.05.19 22:50:21.266,0.93998,0.94072,2.85,2.85
2011.05.19 22:50:22.397,0.93988,0.94067,2.85,2.85
2011.05.19 22:50:23.334,0.93988,0.94067,2.85,2.85
2011.05.19 22:50:36.146,0.93988,0.94067,2.85,2.85
2011.05.19 22:50:36.366,0.93988,0.94067,2.85,2.85
2011.05.19 22:50:37.356,0.93997,0.94073,2.85,2.85
2011.05.19 22:50:38.457,0.93997,0.94073,2.85,2.85
2011.05.19 22:50:44.396,0.93997,0.94073,2.85,2.85
2011.05.19 22:50:48.006,0.93997,0.94073,2.85,2.85
2011.05.19 22:50:48.908,0.94007,0.94073,2.85,2.85
2011.05.19 22:50:49.346,0.93998,0.94077,2.85,2.85
2011.05.19 22:50:50.456,0.93988,0.94077,2.85,2.10
2011.05.19 22:50:50.567,0.93998,0.94082,2.85,2.10
2011.05.19 22:50:50.786,0.93997,0.94093,2.85,2.85
2011.05.19 22:50:51.256,0.94007,0.94093,2.85,2.85
2011.05.19 22:50:52.427,0.94007,0.94093,2.85,2.85
2011.05.19 22:50:53.417,0.94007,0.94093,2.85,2.85
2011.05.19 22:50:54.119,0.94018,0.94097,2.85,2.85
2011.05.19 22:50:54.226,0.94018,0.94097,2.85,2.85
2011.05.19 22:50:55.399,0.94018,0.94097,2.85,2.85
2011.05.19 22:50:56.406,0.94018,0.94097,2.85,2.85
2011.05.19 22:50:57.050,0.94018,0.94097,2.85,2.85
2011.05.19 22:50:57.278,0.94018,0.94102,2.85,2.85
2011.05.19 22:50:57.676,0.94028,0.94112,3.23,2.85
2011.05.19 22:50:57.785,0.94028,0.94112,3.23,2.85
2011.05.19 22:51:00.036,0.94035,0.94113,1.13,2.85
2011.05.19 22:51:00.476,0.94044,0.94117,1.13,2.85
2011.05.19 22:51:00.807,0.94029,0.94117,1.13,2.85
2011.05.19 22:51:00.916,0.94029,0.94107,1.13,2.10
2011.05.19 22:51:02.416,0.94029,0.94107,1.13,2.10
2011.05.19 22:51:06.226,0.94028,0.94107,2.85,2.85
2011.05.19 22:51:06.368,0.94028,0.94107,2.85,2.85
2011.05.19 22:51:06.475,0.94028,0.94107,2.85,2.85
2011.05.19 22:51:07.306,0.94018,0.94107,3.23,2.85
2011.05.19 22:51:07.641,0.94009,0.94108,1.13,2.85
2011.05.19 22:51:09.086,0.94007,0.94108,2.85,2.85
2011.05.19 22:51:09.307,0.94007,0.94108,2.85,2.85
2011.05.19 22:51:09.856,0.94009,0.94097,1.13,2.10
2011.05.19 22:51:10.706,0.9401,0.94097,1.13,2.10
2011.05.19 22:51:11.485,0.9401,0.94097,1.13,2.85
2011.05.19 22:51:11.980,0.9401,0.94097,1.13,2.85
2011.05.19 22:51:12.528,0.9401,0.94097,1.13,2.85
2011.05.19 22:51:18.305,0.94008,0.94087,2.85,2.10
2011.05.19 22:51:18.731,0.94008,0.94087,2.85,2.85
2011.05.19 22:51:20.496,0.94008,0.94087,2.85,2.10
2011.05.19 22:51:20.998,0.94008,0.94087,2.85,2.85
2011.05.19 22:51:21.326,0.94026,0.94093,1.13,2.85
2011.05.19 22:51:21.547,0.94026,0.94102,1.13,2.85
2011.05.19 22:51:22.748,0.94026,0.94102,1.13,2.85
2011.05.19 22:51:23.376,0.94026,0.94102,1.13,2.85
2011.05.19 22:51:24.366,0.94026,0.94102,1.13,2.85
2011.05.19 22:51:25.556,0.94018,0.94102,2.85,2.85
2011.05.19 22:51:26.017,0.94017,0.94098,3.45,2.85
2011.05.19 22:51:26.566,0.94027,0.94098,2.85,2.85
2011.05.19 22:51:26.676,0.94027,0.94098,2.10,2.85
2011.05.19 22:51:26.786,0.94009,0.94087,1.13,2.10
2011.05.19 22:51:29.075,0.94009,0.94087,1.13,2.85
2011.05.19 22:51:30.197,0.94018,0.94087,2.85,2.85
2011.05.19 22:51:30.419,0.94018,0.94087,2.85,2.85
2011.05.19 22:51:34.896,0.9402,0.94087,1.13,2.10
2011.05.19 22:51:35.005,0.9402,0.94093,1.13,2.85
2011.05.19 22:51:36.356,0.9402,0.94093,1.13,2.85
2011.05.19 22:51:37.327,0.94017,0.94093,2.85,2.85
2011.05.19 22:51:37.436,0.94017,0.94088,2.85,2.85
2011.05.19 22:51:40.576,0.94017,0.94088,3.23,2.10
2011.05.19 22:51:42.351,0.94018,0.94092,2.85,2.85
2011.05.19 22:51:42.456,0.94018,0.94092,2.85,2.85
2011.05.19 22:51:53.716,0.94025,0.94092,1.13,2.85
2011.05.19 22:51:56.817,0.94025,0.94103,1.13,2.85
2011.05.19 22:52:00.449,0.94025,0.94103,1.13,2.85
2011.05.19 22:52:00.556,0.94025,0.94103,1.13,2.85
2011.05.19 22:52:02.430,0.94025,0.94103,1.13,2.85
2011.05.19 22:52:17.680,0.94022,0.94097,1.35,2.85
2011.05.19 22:52:17.787,0.94022,0.94097,1.35,2.85
2011.05.19 22:52:18.787,0.94018,0.94092,2.10,2.10
2011.05.19 22:52:18.896,0.94008,0.94077,2.85,2.10
2011.05.19 22:52:19.336,0.94008,0.94077,2.85,2.10
2011.05.19 22:52:19.914,0.93997,0.94078,2.85,2.10
2011.05.19 22:52:20.457,0.93997,0.94078,2.85,2.10
2011.05.19 22:52:21.449,0.93997,0.94078,2.85,2.85
2011.05.19 22:52:22.448,0.93997,0.94078,2.85,2.85
2011.05.19 22:52:24.866,0.93997,0.94078,2.85,2.85
2011.05.19 22:52:25.586,0.93997,0.94078,2.85,2.85
2011.05.19 22:52:26.319,0.93997,0.94068,2.85,2.10
2011.05.19 22:52:27.498,0.93997,0.94068,2.85,2.85
2011.05.19 22:52:28.476,0.93997,0.94068,2.85,2.85
2011.05.19 22:52:29.647,0.93997,0.94068,2.85,2.85
2011.05.19 22:52:30.148,0.93997,0.94068,2.85,2.10
2011.05.19 22:52:30.256,0.94007,0.94083,2.85,2.85
2011.05.19 22:52:31.166,0.94008,0.94087,2.10,2.85
2011.05.19 22:52:31.276,0.93997,0.94078,2.85,2.85
2011.05.19 22:52:31.605,0.94008,0.94077,2.10,2.85
2011.05.19 22:52:32.526,0.94008,0.94077,2.10,2.85
2011.05.19 22:52:33.262,0.93998,0.94077,2.85,2.85
2011.05.19 22:52:34.439,0.93998,0.94077,2.85,2.85
2011.05.19 22:52:37.527,0.93988,0.94068,1.13,2.85
2011.05.19 22:52:37.958,0.93988,0.94068,1.13,2.85
2011.05.19 22:52:39.386,0.93988,0.94068,1.13,2.85
2011.05.19 22:52:40.367,0.93988,0.94068,1.13,2.85
2011.05.19 22:52:41.038,0.93988,0.94068,1.13,2.85
2011.05.19 22:52:42.468,0.93988,0.94068,1.13,2.85
2011.05.19 22:52:42.977,0.93988,0.94068,1.13,2.85
2011.05.19 22:52:46.776,0.93987,0.94068,2.85,2.85
2011.05.19 22:52:48.407,0.93987,0.94068,2.85,2.85
2011.05.19 22:52:49.399,0.93987,0.94068,2.85,2.85
2011.05.19 22:52:50.382,0.93987,0.94068,2.85,2.85
2011.05.19 22:52:50.736,0.93987,0.94068,2.85,2.85
2011.05.19 22:52:50.957,0.93985,0.94067,1.35,2.85
2011.05.19 22:52:51.286,0.93997,0.94068,2.85,2.10
2011.05.19 22:52:52.018,0.93988,0.94067,2.85,2.10
2011.05.19 22:52:52.130,0.93988,0.94067,2.85,2.85
2011.05.19 22:52:52.988,0.93988,0.94067,2.85,2.85
2011.05.19 22:52:53.569,0.93988,0.94067,2.85,2.85
2011.05.19 22:53:11.006,0.93988,0.94067,2.85,2.85
2011.05.19 22:53:11.555,0.93988,0.94067,2.85,2.85
2011.05.19 22:53:11.678,0.93988,0.94067,2.85,2.85
2011.05.19 22:53:24.635,0.93988,0.94067,2.85,2.85
2011.05.19 22:53:27.237,0.93998,0.94067,2.85,2.85
2011.05.19 22:54:24.225,0.93997,0.94068,1.13,2.10
2011.05.19 22:54:24.336,0.94008,0.94072,2.10,2.85
2011.05.19 22:54:24.556,0.94008,0.94072,2.85,2.85
2011.05.19 22:54:26.035,0.94007,0.94083,2.85,2.85
2011.05.19 22:54:27.648,0.94007,0.94083,2.85,2.85
2011.05.19 22:54:29.836,0.94007,0.94083,2.85,2.85
2011.05.19 22:54:31.438,0.94007,0.94083,2.85,2.85
2011.05.19 22:54:37.575,0.94007,0.94083,2.85,2.85
2011.05.19 22:54:38.736,0.94007,0.94083,2.85,2.85
2011.05.19 22:54:38.869,0.94007,0.94083,2.10,2.85
2011.05.19 22:54:39.465,0.93998,0.94087,3.23,2.85
2011.05.19 22:54:49.056,0.93997,0.94078,2.85,2.85
2011.05.19 22:54:50.407,0.93988,0.94077,3.23,2.85
2011.05.19 22:54:51.948,0.93988,0.94077,3.23,2.85
2011.05.19 22:54:57.447,0.93988,0.94067,2.85,2.85
2011.05.19 22:54:58.437,0.93988,0.94067,2.85,2.85
2011.05.19 22:54:59.650,0.93988,0.94067,2.85,2.85
2011.05.19 22:55:02.337,0.93998,0.94067,2.85,2.85
2011.05.19 22:55:04.319,0.93998,0.94067,2.85,2.85
2011.05.19 22:55:05.555,0.93998,0.94067,2.85,2.85
2011.05.19 22:55:05.776,0.94018,0.94082,2.10,3.45
2011.05.19 22:55:05.885,0.94007,0.94067,1.35,2.10
2011.05.19 22:55:06.105,0.94011,0.94073,1.35,2.85
2011.05.19 22:55:06.214,0.94018,0.94082,2.10,2.85
2011.05.19 22:55:06.325,0.94013,0.94078,1.35,2.10
2011.05.19 22:55:06.435,0.94016,0.94093,1.13,2.85
2011.05.19 22:55:06.765,0.94021,0.94093,1.35,2.85
2011.05.19 22:55:06.875,0.94021,0.94093,2.10,2.85
2011.05.19 22:55:07.425,0.94025,0.94097,1.35,2.85
2011.05.19 22:55:08.536,0.94011,0.94087,1.35,2.85
2011.05.19 22:55:08.645,0.94017,0.94087,1.35,2.85
2011.05.19 22:55:09.657,0.94017,0.94087,1.35,2.85
2011.05.19 22:55:11.275,0.93998,0.94087,2.85,2.85
2011.05.19 22:55:13.666,0.93998,0.94087,2.85,2.85
2011.05.19 22:55:15.077,0.94011,0.94088,1.35,2.85
2011.05.19 22:55:16.506,0.94011,0.94088,1.35,2.85
2011.05.19 22:55:17.167,0.94011,0.94088,1.35,2.85
2011.05.19 22:55:19.476,0.94013,0.94088,1.35,2.85
2011.05.19 22:55:24.857,0.9401,0.94088,1.35,2.85
2011.05.19 22:55:25.381,0.94006,0.94088,1.35,2.85
2011.05.19 22:55:26.377,0.94006,0.94088,1.35,2.85
2011.05.19 22:55:28.471,0.9401,0.94088,1.35,2.85
2011.05.19 22:56:16.166,0.93997,0.94078,2.85,2.85
2011.05.19 22:56:16.277,0.93997,0.94078,2.85,2.85
2011.05.19 22:56:16.650,0.93997,0.94078,2.85,2.85
2011.05.19 22:56:29.997,0.93996,0.94078,1.13,2.85
2011.05.19 22:56:40.407,0.93997,0.94078,1.13,2.85
2011.05.19 22:56:40.737,0.93996,0.94078,1.13,2.85
2011.05.19 22:57:22.649,0.93997,0.94078,1.13,2.85
2011.05.19 22:57:24.298,0.93996,0.94078,1.13,2.85
2011.05.19 22:57:34.477,0.93989,0.94068,1.73,2.85
2011.05.19 22:57:36.486,0.93987,0.94058,2.85,2.85
2011.05.19 22:57:38.379,0.93987,0.94058,2.85,2.85
2011.05.19 22:58:00.665,0.93987,0.94058,2.85,2.85
2011.05.19 22:58:01.146,0.93987,0.94058,2.85,2.85
2011.05.19 22:58:01.428,0.93987,0.94058,2.85,2.85
2011.05.19 22:58:02.199,0.93987,0.94058,2.85,2.85
2011.05.19 22:58:02.526,0.93988,0.94063,1.13,2.85
2011.05.19 22:58:05.915,0.93988,0.94063,1.13,2.85
2011.05.19 22:58:06.866,0.93988,0.94063,1.13,2.85
2011.05.19 22:58:19.056,0.93998,0.94063,1.35,2.85
2011.05.19 22:58:19.886,0.93998,0.94067,2.70,2.85
2011.05.19 22:58:45.965,0.93998,0.94067,2.10,2.85
2011.05.19 22:58:46.136,0.93998,0.94067,2.10,2.85
2011.05.19 22:58:47.436,0.93998,0.94067,2.10,2.85
2011.05.19 22:58:48.384,0.93998,0.94067,2.10,2.85
2011.05.19 22:59:14.165,0.93998,0.94067,2.10,2.85
2011.05.19 22:59:14.396,0.93998,0.94067,2.10,2.85
2011.05.19 22:59:23.437,0.93998,0.94067,2.10,2.85
2011.05.19 22:59:23.768,0.93998,0.94067,2.85,2.85
2011.05.19 22:59:26.479,0.93998,0.94067,2.85,2.85
2011.05.19 22:59:26.695,0.93998,0.94067,2.85,2.10
2011.05.19 22:59:26.806,0.94007,0.94068,2.85,2.85
2011.05.19 22:59:26.915,0.94007,0.94073,2.85,2.85
2011.05.19 22:59:27.025,0.94007,0.94073,2.10,2.85
2011.05.19 22:59:27.135,0.93998,0.94077,2.85,2.85
2011.05.19 22:59:27.245,0.93997,0.94068,2.85,2.10
2011.05.19 22:59:27.796,0.93997,0.94068,2.10,2.85
2011.05.19 22:59:28.015,0.93997,0.94068,2.85,2.85
2011.05.19 22:59:30.805,0.93998,0.94072,2.85,2.85
2011.05.19 22:59:31.525,0.93998,0.94067,2.85,2.10
2011.05.19 22:59:32.567,0.93998,0.94067,2.85,2.85
2011.05.19 22:59:33.409,0.93998,0.94067,2.85,2.85
2011.05.19 22:59:35.217,0.93998,0.94067,2.10,2.85
2011.05.19 22:59:35.987,0.93998,0.94067,2.85,2.85
2011.05.19 22:59:36.637,0.93998,0.94067,2.85,2.85
2011.05.19 22:59:37.176,0.93998,0.94067,2.85,2.85
2011.05.19 22:59:38.628,0.93998,0.94067,2.85,2.85
2011.05.19 22:59:38.846,0.93998,0.94067,2.85,2.85
2011.05.19 22:59:39.065,0.93998,0.94067,2.85,2.10
2011.05.19 22:59:40.325,0.94018,0.94078,2.10,1.13
2011.05.19 22:59:40.435,0.94007,0.94078,2.10,2.85
2011.05.19 22:59:40.546,0.94017,0.94078,2.10,1.13
2011.05.19 22:59:40.765,0.94007,0.94078,2.85,2.85
2011.05.19 22:59:40.875,0.94007,0.94078,2.85,2.85
2011.05.19 22:59:40.986,0.93997,0.94068,2.85,2.10
2011.05.19 22:59:41.535,0.94008,0.94072,2.10,2.85
2011.05.19 22:59:41.645,0.93998,0.94057,2.85,2.10
2011.05.19 22:59:41.756,0.93997,0.94063,2.85,2.10
2011.05.19 22:59:42.305,0.94008,0.94072,2.85,2.85
2011.05.19 22:59:42.415,0.93998,0.94067,2.85,2.10
2011.05.19 22:59:42.525,0.93998,0.94067,2.85,2.85
2011.05.19 22:59:42.634,0.94007,0.94073,2.10,2.85
2011.05.19 22:59:43.187,0.94005,0.94068,1.35,2.10
2011.05.19 22:59:43.625,0.94005,0.94068,1.35,2.85
2011.05.19 22:59:43.735,0.94002,0.94068,1.35,2.85
2011.05.19 22:59:43.955,0.93997,0.94068,2.85,2.85
2011.05.19 22:59:44.066,0.93997,0.94068,2.85,2.85
2011.05.19 22:59:44.395,0.93997,0.94058,2.85,2.85
2011.05.19 22:59:45.071,0.93997,0.94058,2.85,2.10
2011.05.19 22:59:45.858,0.93997,0.94058,2.10,2.85
2011.05.19 22:59:46.546,0.93998,0.94062,2.10,2.85
2011.05.19 22:59:48.136,0.94007,0.94073,2.10,2.85
2011.05.19 22:59:48.356,0.94007,0.94073,2.85,2.85
2011.05.19 22:59:49.465,0.94007,0.94073,2.85,2.85
2011.05.19 22:59:50.084,0.94008,0.94077,2.10,2.85
2011.05.19 22:59:50.305,0.93997,0.94068,2.85,2.10
2011.05.19 22:59:50.857,0.94007,0.94073,2.85,2.85
2011.05.19 22:59:51.325,0.94001,0.94068,1.35,2.85
2011.05.19 22:59:51.985,0.94001,0.94067,1.35,2.10
2011.05.19 22:59:52.095,0.94001,0.94048,1.35,2.10
2011.05.19 22:59:52.316,0.94001,0.94062,1.35,2.10
2011.05.19 22:59:52.806,0.9399,0.94057,1.35,2.10
2011.05.19 22:59:53.026,0.93998,0.94062,2.85,2.10
2011.05.19 22:59:53.245,0.94004,0.94058,1.35,2.10
2011.05.19 22:59:53.356,0.93998,0.94062,2.85,2.85
2011.05.19 22:59:53.466,0.93991,0.94048,1.35,2.10
2011.05.19 22:59:53.575,0.93991,0.94048,1.35,2.10
2011.05.19 22:59:57.215,0.93982,0.94048,1.13,2.10
2011.05.19 22:59:58.255,0.93982,0.94048,1.13,2.10
2011.05.19 22:59:58.365,0.93987,0.94053,2.85,2.10
2011.05.19 22:59:58.475,0.93987,0.94053,2.85,2.10
2011.05.19 22:59:58.585,0.93982,0.94048,1.13,2.10
2011.05.19 22:59:58.805,0.93987,0.94053,2.85,2.10
2011.05.19 22:59:59.627,0.93997,0.94053,1.35,2.10
