2011.05.20 09:00:00.173,0.93963,0.94008,2.63,2.25
2011.05.20 09:00:00.499,0.93963,0.94008,3.23,3.23
2011.05.20 09:00:01.907,0.93967,0.94008,2.70,1.35
2011.05.20 09:00:02.949,0.93967,0.9401,2.70,3.60
2011.05.20 09:00:03.344,0.93967,0.9401,2.70,4.36
2011.05.20 09:00:03.560,0.93962,0.94009,4.73,3.60
2011.05.20 09:00:03.999,0.93967,0.9401,3.23,2.63
2011.05.20 09:00:04.219,0.93967,0.9401,2.85,2.25
2011.05.20 09:00:04.548,0.93965,0.94008,2.63,7.96
2011.05.20 09:00:06.649,0.93964,0.94007,2.63,2.63
2011.05.20 09:00:07.199,0.93961,0.94004,3.98,3.00
2011.05.20 09:00:10.130,0.93958,0.94002,5.33,2.48
2011.05.20 09:00:10.678,0.93957,0.94002,2.85,6.45
2011.05.20 09:00:11.009,0.93952,0.93995,4.73,2.25
2011.05.20 09:00:11.454,0.93952,0.93995,4.73,2.25
2011.05.20 09:00:11.560,0.9396,0.94002,2.63,1.35
2011.05.20 09:00:11.998,0.9396,0.94004,4.73,3.75
2011.05.20 09:00:12.109,0.93961,0.94004,3.23,1.50
2011.05.20 09:00:12.659,0.9396,0.94005,5.10,3.00
2011.05.20 09:00:13.208,0.9396,0.94005,4.73,2.63
2011.05.20 09:00:14.229,0.93962,0.94005,1.73,2.63
2011.05.20 09:00:15.723,0.93966,0.94005,1.35,2.63
2011.05.20 09:00:16.232,0.93966,0.94005,1.35,2.63
2011.05.20 09:00:18.648,0.93967,0.94005,1.13,2.63
2011.05.20 09:00:22.522,0.93968,0.94008,2.25,2.10
2011.05.20 09:00:22.630,0.93968,0.94008,3.23,1.13
2011.05.20 09:00:23.068,0.93968,0.94008,5.33,1.13
2011.05.20 09:00:23.399,0.93968,0.94009,3.45,1.13
2011.05.20 09:00:23.949,0.9397,0.94012,1.35,5.33
2011.05.20 09:00:24.168,0.93972,0.94012,2.63,1.35
2011.05.20 09:00:24.499,0.93971,0.94014,3.00,3.98
2011.05.20 09:00:25.340,0.93972,0.94014,2.63,1.73
2011.05.20 09:00:25.780,0.93967,0.94008,5.10,1.50
2011.05.20 09:00:25.890,0.93964,0.94008,3.00,1.88
2011.05.20 09:00:26.327,0.93961,0.94002,1.35,2.10
2011.05.20 09:00:26.441,0.93961,0.94002,1.13,3.08
2011.05.20 09:00:26.768,0.9396,0.94003,3.38,2.25
2011.05.20 09:00:28.209,0.9396,0.94002,1.13,2.25
2011.05.20 09:00:36.163,0.93957,0.94,2.63,2.25
2011.05.20 09:00:36.819,0.93963,0.94,2.63,1.50
2011.05.20 09:00:37.259,0.93963,0.94,3.00,2.10
2011.05.20 09:00:37.479,0.93964,0.94003,3.00,1.13
2011.05.20 09:00:41.665,0.93964,0.94004,2.63,1.50
2011.05.20 09:00:42.679,0.93962,0.94006,1.35,3.23
2011.05.20 09:00:46.680,0.93964,0.94007,3.38,2.25
2011.05.20 09:00:46.789,0.93964,0.94007,2.63,2.25
2011.05.20 09:00:47.010,0.93962,0.94004,3.00,1.50
2011.05.20 09:00:47.669,0.93956,0.94001,3.98,2.25
2011.05.20 09:00:49.560,0.93961,0.94003,3.23,1.73
2011.05.20 09:00:49.888,0.93963,0.94003,3.00,1.73
2011.05.20 09:00:51.549,0.93964,0.94008,1.35,3.75
2011.05.20 09:00:53.639,0.93963,0.94003,2.25,1.50
2011.05.20 09:00:53.749,0.93957,0.93999,1.73,2.25
2011.05.20 09:00:54.299,0.93954,0.93999,2.48,3.00
2011.05.20 09:00:54.409,0.93952,0.93997,3.23,2.25
2011.05.20 09:00:55.722,0.93952,0.93997,3.60,2.85
2011.05.20 09:00:56.281,0.93947,0.9399,3.23,2.25
2011.05.20 09:00:56.608,0.9395,0.93992,2.25,1.50
2011.05.20 09:00:58.690,0.9395,0.93991,2.25,1.35
2011.05.20 09:00:59.021,0.93945,0.93985,2.25,1.35
2011.05.20 09:00:59.239,0.93942,0.93982,2.25,2.10
2011.05.20 09:00:59.459,0.93937,0.93982,2.85,4.35
2011.05.20 09:00:59.570,0.93937,0.93979,4.35,2.48
2011.05.20 09:01:00.179,0.93934,0.93977,2.63,2.63
2011.05.20 09:01:00.399,0.93934,0.93977,3.00,2.25
2011.05.20 09:01:00.509,0.93935,0.93977,1.35,3.23
2011.05.20 09:01:01.760,0.9394,0.93979,1.13,1.35
2011.05.20 09:01:01.982,0.93942,0.93986,1.73,3.23
2011.05.20 09:01:02.202,0.93943,0.93982,1.35,2.25
2011.05.20 09:01:02.421,0.93947,0.93987,2.85,3.23
2011.05.20 09:01:02.750,0.93947,0.93988,3.45,2.63
2011.05.20 09:01:04.168,0.93948,0.93991,2.85,3.60
2011.05.20 09:01:04.771,0.93944,0.9399,3.23,2.25
2011.05.20 09:01:05.109,0.93944,0.9399,3.23,2.25
2011.05.20 09:01:05.329,0.93941,0.93986,2.85,2.25
2011.05.20 09:01:07.982,0.93941,0.93982,2.25,2.10
2011.05.20 09:01:08.199,0.93943,0.93982,2.25,2.10
2011.05.20 09:01:08.419,0.93943,0.93983,2.63,2.48
2011.05.20 09:01:08.980,0.93942,0.93984,3.23,1.35
2011.05.20 09:01:09.749,0.93942,0.93985,3.60,3.23
2011.05.20 09:01:09.969,0.93943,0.93988,3.60,2.85
2011.05.20 09:01:10.080,0.93948,0.93988,1.35,3.60
2011.05.20 09:01:10.629,0.93947,0.93988,3.45,1.13
2011.05.20 09:01:10.960,0.93947,0.93988,5.33,1.13
2011.05.20 09:01:11.179,0.93949,0.9399,1.35,3.23
2011.05.20 09:01:11.860,0.9395,0.93993,3.23,1.35
2011.05.20 09:01:15.442,0.93949,0.93992,3.23,2.25
2011.05.20 09:01:15.768,0.93944,0.93987,3.23,2.25
2011.05.20 09:01:16.171,0.93941,0.93986,2.85,2.25
2011.05.20 09:01:16.280,0.93941,0.93984,2.25,1.35
2011.05.20 09:01:16.748,0.93941,0.93981,1.13,2.25
2011.05.20 09:01:17.300,0.93938,0.9398,2.10,2.85
2011.05.20 09:01:17.409,0.93942,0.9398,1.13,2.25
2011.05.20 09:01:17.739,0.93942,0.93977,1.13,2.63
2011.05.20 09:01:18.460,0.93941,0.93977,1.13,2.25
2011.05.20 09:01:26.615,0.93945,0.93979,1.13,2.25
2011.05.20 09:01:26.657,0.93947,0.93983,1.35,4.88
2011.05.20 09:01:27.612,0.93947,0.93985,1.73,2.63
2011.05.20 09:01:28.824,0.93947,0.93986,1.73,2.63
2011.05.20 09:01:31.688,0.93947,0.93986,1.73,2.63
2011.05.20 09:01:33.450,0.93944,0.93986,1.13,2.25
2011.05.20 09:01:33.780,0.93941,0.93985,1.35,2.25
2011.05.20 09:01:33.999,0.9394,0.93982,1.13,2.25
2011.05.20 09:01:35.098,0.93937,0.93979,3.08,2.25
2011.05.20 09:01:36.151,0.93939,0.93979,1.35,3.23
2011.05.20 09:01:36.699,0.9394,0.93984,3.23,2.10
2011.05.20 09:01:38.836,0.93944,0.93984,1.73,1.35
2011.05.20 09:01:40.118,0.93942,0.93986,1.73,2.63
2011.05.20 09:01:40.859,0.93945,0.93986,1.13,2.63
2011.05.20 09:01:41.190,0.93948,0.93988,2.48,3.23
2011.05.20 09:01:41.300,0.93948,0.93989,4.73,2.48
2011.05.20 09:01:41.408,0.93948,0.93991,5.33,1.35
2011.05.20 09:01:41.740,0.93951,0.93991,1.50,3.23
2011.05.20 09:01:43.588,0.93953,0.93995,2.63,1.35
2011.05.20 09:01:44.419,0.93949,0.93994,3.23,2.25
2011.05.20 09:01:44.529,0.93951,0.93994,2.63,2.25
2011.05.20 09:01:44.969,0.9395,0.93995,1.35,2.25
2011.05.20 09:01:45.519,0.93956,0.93997,1.35,3.23
2011.05.20 09:01:46.180,0.93956,0.93997,3.98,1.35
2011.05.20 09:01:46.289,0.93956,0.93997,3.23,1.35
2011.05.20 09:01:46.400,0.93954,0.94001,3.23,2.63
2011.05.20 09:01:46.950,0.93954,0.93997,2.63,2.85
2011.05.20 09:01:47.279,0.93953,0.93997,2.63,1.50
2011.05.20 09:01:47.389,0.93953,0.93996,2.63,2.25
2011.05.20 09:01:49.900,0.93957,0.93997,2.63,1.88
2011.05.20 09:01:50.009,0.93957,0.94,3.23,4.36
2011.05.20 09:01:51.350,0.93957,0.94,3.23,2.63
2011.05.20 09:01:52.838,0.93957,0.94,3.23,4.36
2011.05.20 09:01:54.661,0.93957,0.94,3.23,2.63
2011.05.20 09:01:55.562,0.93964,0.94001,2.25,1.88
2011.05.20 09:01:55.669,0.93958,0.94001,4.73,4.13
2011.05.20 09:01:55.778,0.93958,0.94001,4.73,5.86
2011.05.20 09:01:55.888,0.93958,0.94001,4.73,4.13
2011.05.20 09:01:57.739,0.93958,0.94001,4.35,3.75
2011.05.20 09:01:57.958,0.93957,0.94,3.98,2.63
2011.05.20 09:01:59.249,0.93957,0.94,3.23,3.00
2011.05.20 09:01:59.580,0.93957,0.94,3.45,3.23
2011.05.20 09:01:59.911,0.93958,0.94001,3.00,4.35
2011.05.20 09:02:00.021,0.93964,0.94002,3.60,2.10
2011.05.20 09:02:00.130,0.93958,0.94002,3.23,2.10
2011.05.20 09:02:00.992,0.93957,0.94,5.70,2.85
2011.05.20 09:02:01.381,0.93959,0.94,1.35,2.85
2011.05.20 09:02:05.309,0.93962,0.94,3.60,2.25
2011.05.20 09:02:05.419,0.93964,0.94008,3.23,1.35
2011.05.20 09:02:06.210,0.93964,0.94009,3.60,3.00
2011.05.20 09:02:11.919,0.93964,0.94006,1.35,2.25
2011.05.20 09:02:23.769,0.93967,0.94005,3.08,2.63
2011.05.20 09:02:24.098,0.93967,0.94001,3.08,2.25
2011.05.20 09:02:26.163,0.93967,0.94001,2.10,2.63
2011.05.20 09:02:26.488,0.93958,0.94001,3.08,3.23
2011.05.20 09:02:32.112,0.93961,0.94002,2.25,3.08
2011.05.20 09:02:41.200,0.93958,0.93999,3.45,2.25
2011.05.20 09:02:41.529,0.93965,0.94003,2.25,1.35
2011.05.20 09:02:42.152,0.93966,0.94003,2.25,1.73
2011.05.20 09:02:43.089,0.93967,0.94006,2.25,1.35
2011.05.20 09:02:44.689,0.93967,0.9401,2.25,4.35
2011.05.20 09:02:44.798,0.93965,0.94008,2.25,2.25
2011.05.20 09:02:48.061,0.93967,0.9401,1.13,3.00
2011.05.20 09:02:48.611,0.93967,0.94008,3.23,2.25
2011.05.20 09:02:48.721,0.93967,0.94008,2.48,2.25
2011.05.20 09:02:49.379,0.93968,0.94008,2.25,2.25
2011.05.20 09:02:49.941,0.93967,0.94009,1.13,3.00
2011.05.20 09:02:50.719,0.93968,0.94011,2.25,3.60
2011.05.20 09:02:54.889,0.93966,0.94007,1.13,2.25
2011.05.20 09:02:55.763,0.93967,0.94007,1.13,2.25
2011.05.20 09:02:55.979,0.93967,0.94007,3.23,2.25
2011.05.20 09:02:56.089,0.9397,0.94011,2.25,2.85
2011.05.20 09:02:56.852,0.9397,0.94011,3.00,2.85
2011.05.20 09:02:57.309,0.93969,0.94011,2.25,3.60
2011.05.20 09:02:57.749,0.93975,0.94011,2.25,3.60
2011.05.20 09:02:57.970,0.93969,0.94011,2.25,3.60
2011.05.20 09:03:04.349,0.93966,0.94007,1.13,2.25
2011.05.20 09:03:08.530,0.93968,0.94009,2.25,4.36
2011.05.20 09:03:09.499,0.93967,0.94009,2.63,1.13
2011.05.20 09:03:09.720,0.93965,0.94009,2.63,1.50
2011.05.20 09:03:11.270,0.93958,0.94001,4.73,2.25
2011.05.20 09:03:13.881,0.93964,0.94001,1.35,3.00
2011.05.20 09:03:13.989,0.93964,0.94001,1.35,2.25
2011.05.20 09:03:14.669,0.93968,0.94001,3.08,2.63
2011.05.20 09:03:14.779,0.93968,0.94001,2.48,2.63
2011.05.20 09:03:17.869,0.93964,0.94007,3.23,1.35
2011.05.20 09:03:19.539,0.93965,0.94008,3.23,1.50
2011.05.20 09:03:19.759,0.93967,0.94008,3.45,3.38
2011.05.20 09:03:22.158,0.9397,0.94008,1.35,2.25
2011.05.20 09:03:22.270,0.9397,0.94013,2.85,2.48
2011.05.20 09:03:29.148,0.93971,0.94014,2.10,3.38
2011.05.20 09:03:35.548,0.93975,0.94014,1.35,1.13
2011.05.20 09:03:41.231,0.93975,0.94017,1.35,3.23
2011.05.20 09:03:50.180,0.93974,0.94017,3.23,3.23
2011.05.20 09:03:50.729,0.93972,0.94017,3.23,2.85
2011.05.20 09:03:51.609,0.93971,0.94014,3.23,1.13
2011.05.20 09:03:52.171,0.93971,0.94016,3.23,3.23
2011.05.20 09:03:52.719,0.93971,0.94014,2.25,5.25
2011.05.20 09:03:52.829,0.93967,0.94012,4.95,2.25
2011.05.20 09:03:53.380,0.93965,0.94011,3.23,2.85
2011.05.20 09:03:54.005,0.93961,0.94004,2.85,1.35
2011.05.20 09:03:54.112,0.93964,0.94005,3.23,1.35
2011.05.20 09:03:55.572,0.93962,0.94007,3.23,3.23
2011.05.20 09:03:55.682,0.93962,0.94007,2.85,2.85
2011.05.20 09:03:55.790,0.9396,0.94003,2.25,3.00
2011.05.20 09:03:56.012,0.93961,0.94003,2.25,5.10
2011.05.20 09:03:56.231,0.93963,0.94003,2.25,2.10
2011.05.20 09:03:57.001,0.93963,0.94004,4.88,2.10
2011.05.20 09:03:57.440,0.93964,0.94004,2.63,1.73
2011.05.20 09:03:58.321,0.93958,0.94003,3.23,2.25
2011.05.20 09:03:58.649,0.93959,0.94002,2.63,4.35
2011.05.20 09:03:58.980,0.93963,0.94002,2.25,2.10
2011.05.20 09:03:59.399,0.93961,0.94002,2.25,2.10
2011.05.20 09:03:59.503,0.93965,0.94003,2.25,1.35
2011.05.20 09:03:59.609,0.93965,0.94004,2.25,2.10
2011.05.20 09:04:00.010,0.93965,0.94003,2.25,1.50
2011.05.20 09:04:00.119,0.93961,0.94003,2.63,4.58
2011.05.20 09:04:00.228,0.93963,0.94003,2.63,2.48
2011.05.20 09:04:00.559,0.93966,0.94004,2.25,1.73
2011.05.20 09:04:00.669,0.93962,0.94004,3.23,1.73
2011.05.20 09:04:01.379,0.93962,0.94004,5.48,1.73
2011.05.20 09:04:01.710,0.93965,0.94005,2.63,1.13
2011.05.20 09:04:01.929,0.93966,0.94008,2.25,1.13
2011.05.20 09:04:02.469,0.93964,0.94006,4.50,2.25
2011.05.20 09:04:02.691,0.93961,0.94002,3.23,2.48
2011.05.20 09:04:02.910,0.93961,0.94002,2.85,2.85
2011.05.20 09:04:03.020,0.93959,0.94001,2.63,3.00
2011.05.20 09:04:03.240,0.9396,0.94003,3.23,6.46
2011.05.20 09:04:03.680,0.9396,0.94002,3.60,2.70
2011.05.20 09:04:03.789,0.9396,0.94004,3.60,3.98
2011.05.20 09:04:04.623,0.93961,0.94006,3.23,3.00
2011.05.20 09:04:05.502,0.9396,0.94005,3.23,3.00
2011.05.20 09:04:05.610,0.93962,0.94005,1.35,2.63
2011.05.20 09:04:07.299,0.93963,0.94006,2.63,2.25
2011.05.20 09:04:08.789,0.93961,0.94006,3.23,3.00
2011.05.20 09:04:09.289,0.93961,0.94006,3.60,2.63
2011.05.20 09:04:09.621,0.93975,0.94014,3.23,1.13
2011.05.20 09:04:09.732,0.93976,0.94015,2.48,1.13
2011.05.20 09:04:09.952,0.9398,0.94019,1.35,1.13
2011.05.20 09:04:10.171,0.93986,0.94019,2.10,1.13
2011.05.20 09:04:10.280,0.93986,0.94022,2.48,2.25
2011.05.20 09:04:10.391,0.93982,0.94022,1.35,2.25
2011.05.20 09:04:10.500,0.93985,0.94023,3.23,2.48
2011.05.20 09:04:10.831,0.93988,0.94024,2.63,3.00
2011.05.20 09:04:11.052,0.93984,0.94027,3.23,1.35
2011.05.20 09:04:11.381,0.93982,0.94025,2.63,1.50
2011.05.20 09:04:11.912,0.93981,0.94025,1.35,2.25
2011.05.20 09:04:12.239,0.93979,0.94024,3.60,1.13
2011.05.20 09:04:12.570,0.93984,0.94024,1.35,1.13
2011.05.20 09:04:12.899,0.93984,0.94024,3.23,1.13
2011.05.20 09:04:13.339,0.93984,0.94024,3.60,1.13
2011.05.20 09:04:13.924,0.93982,0.94025,3.23,1.35
2011.05.20 09:04:14.250,0.93989,0.94026,1.35,2.25
2011.05.20 09:04:14.360,0.93989,0.94032,1.35,3.23
2011.05.20 09:04:14.471,0.93987,0.94032,6.83,2.85
2011.05.20 09:04:14.581,0.93986,0.9403,2.63,1.50
2011.05.20 09:04:14.800,0.93996,0.94033,2.25,1.73
2011.05.20 09:04:14.910,0.93988,0.94033,4.58,1.35
2011.05.20 09:04:15.019,0.93988,0.94032,4.58,2.25
2011.05.20 09:04:15.130,0.93988,0.94032,2.70,2.63
2011.05.20 09:04:15.702,0.93987,0.9403,3.45,2.25
2011.05.20 09:04:16.029,0.93985,0.9403,3.23,3.00
2011.05.20 09:04:16.139,0.93988,0.94029,1.35,3.00
2011.05.20 09:04:16.690,0.93989,0.9403,1.35,2.63
2011.05.20 09:04:17.625,0.93989,0.9403,1.35,3.00
2011.05.20 09:04:17.950,0.93991,0.94033,3.23,1.50
2011.05.20 09:04:18.282,0.93993,0.94033,1.35,1.13
2011.05.20 09:04:18.940,0.9399,0.94034,3.60,1.73
2011.05.20 09:04:19.051,0.9399,0.94034,1.35,1.73
2011.05.20 09:04:19.272,0.93995,0.94034,1.35,3.38
2011.05.20 09:04:19.879,0.93995,0.94034,1.35,3.38
2011.05.20 09:04:20.209,0.93991,0.94034,4.73,2.25
2011.05.20 09:04:20.319,0.93991,0.94031,2.63,2.25
2011.05.20 09:04:20.429,0.9399,0.94031,1.35,2.63
2011.05.20 09:04:20.980,0.93987,0.94032,1.73,5.33
2011.05.20 09:04:21.200,0.93986,0.94032,3.23,2.85
2011.05.20 09:04:21.310,0.93984,0.94027,2.63,2.25
2011.05.20 09:04:21.530,0.93986,0.94029,2.25,2.25
2011.05.20 09:04:21.751,0.93987,0.94032,1.35,7.58
2011.05.20 09:04:21.972,0.93987,0.94029,3.08,2.63
2011.05.20 09:04:23.639,0.93988,0.94032,2.48,5.70
2011.05.20 09:04:23.970,0.93987,0.94033,3.45,2.85
2011.05.20 09:04:24.189,0.93987,0.94033,3.45,2.85
2011.05.20 09:04:25.809,0.9399,0.94035,3.00,3.23
2011.05.20 09:04:26.139,0.93998,0.94036,1.35,2.25
2011.05.20 09:04:26.701,0.93998,0.94038,1.35,1.13
2011.05.20 09:04:27.218,0.93997,0.94039,3.45,3.38
2011.05.20 09:04:28.211,0.93998,0.94039,1.35,1.13
2011.05.20 09:04:28.539,0.94002,0.9404,2.48,1.13
2011.05.20 09:04:29.088,0.94001,0.9404,1.35,3.38
2011.05.20 09:04:30.172,0.94001,0.9404,1.35,2.25
2011.05.20 09:04:30.719,0.94001,0.94043,1.35,2.85
2011.05.20 09:04:32.638,0.93999,0.94044,3.23,4.36
2011.05.20 09:04:32.970,0.94001,0.94042,1.35,2.85
2011.05.20 09:04:33.713,0.94001,0.94044,1.35,4.36
2011.05.20 09:04:34.649,0.94001,0.94044,2.48,3.75
2011.05.20 09:04:34.760,0.94002,0.94045,2.63,3.75
2011.05.20 09:04:34.871,0.94,0.94043,1.35,2.25
2011.05.20 09:04:35.937,0.94002,0.94045,2.63,5.86
2011.05.20 09:04:37.500,0.94002,0.94045,2.63,4.13
2011.05.20 09:04:38.699,0.93999,0.94042,3.23,2.25
2011.05.20 09:04:39.029,0.93998,0.94043,2.63,3.00
2011.05.20 09:04:39.359,0.94004,0.94041,2.25,1.50
2011.05.20 09:04:39.579,0.93993,0.94038,3.23,2.63
2011.05.20 09:04:40.670,0.93993,0.94038,3.60,2.25
2011.05.20 09:04:41.001,0.93995,0.9404,2.63,3.00
2011.05.20 09:04:41.440,0.93991,0.94031,2.10,2.25
2011.05.20 09:04:41.659,0.93992,0.94037,3.23,3.60
2011.05.20 09:04:41.881,0.93991,0.94032,2.10,2.63
2011.05.20 09:04:43.319,0.93993,0.94036,3.23,3.23
2011.05.20 09:04:45.189,0.93992,0.94037,3.23,2.25
2011.05.20 09:04:45.519,0.93992,0.94038,1.35,1.13
2011.05.20 09:04:45.850,0.93991,0.94034,3.23,2.85
2011.05.20 09:04:46.181,0.9399,0.94035,2.85,2.85
2011.05.20 09:04:46.290,0.9399,0.9403,2.25,1.50
2011.05.20 09:04:46.621,0.93984,0.94027,4.50,2.25
2011.05.20 09:04:47.232,0.93983,0.94028,3.23,2.25
2011.05.20 09:04:48.109,0.93983,0.94028,1.35,2.25
2011.05.20 09:04:48.658,0.93985,0.9403,3.60,3.60
2011.05.20 09:04:49.390,0.93987,0.9403,3.23,3.60
2011.05.20 09:04:49.719,0.93989,0.94032,1.35,3.45
2011.05.20 09:04:50.049,0.93987,0.94032,3.23,2.25
2011.05.20 09:04:50.739,0.93989,0.94032,3.60,5.85
2011.05.20 09:04:51.370,0.9399,0.94033,3.00,1.73
2011.05.20 09:04:53.606,0.9399,0.94034,3.00,1.73
2011.05.20 09:04:54.130,0.93997,0.94038,2.63,1.73
2011.05.20 09:04:55.291,0.93997,0.94038,2.63,2.10
2011.05.20 09:04:55.838,0.93992,0.94037,3.00,2.63
2011.05.20 09:04:57.234,0.93996,0.94037,2.63,1.35
2011.05.20 09:04:57.851,0.93997,0.94038,1.13,2.85
2011.05.20 09:04:59.510,0.93996,0.94038,2.63,3.60
2011.05.20 09:04:59.972,0.93997,0.94038,3.23,1.35
2011.05.20 09:05:00.079,0.93997,0.9404,3.23,3.23
2011.05.20 09:05:01.760,0.93995,0.9404,3.23,3.00
2011.05.20 09:05:01.870,0.93989,0.94033,3.23,2.25
2011.05.20 09:05:02.090,0.93987,0.94029,3.08,3.00
2011.05.20 09:05:02.529,0.93985,0.94029,2.10,6.00
2011.05.20 09:05:02.640,0.93979,0.94024,3.60,2.25
2011.05.20 09:05:05.609,0.93983,0.94024,1.35,2.25
2011.05.20 09:05:05.830,0.93986,0.94028,1.35,1.13
2011.05.20 09:05:06.050,0.93987,0.94027,3.08,2.63
2011.05.20 09:05:07.360,0.93988,0.94027,1.35,2.63
2011.05.20 09:05:07.469,0.93987,0.94027,3.08,2.63
2011.05.20 09:05:08.459,0.93986,0.94027,1.35,2.63
2011.05.20 09:05:09.230,0.93984,0.94027,5.10,2.25
2011.05.20 09:05:12.799,0.93989,0.94029,3.60,3.60
2011.05.20 09:05:12.910,0.93989,0.9403,1.35,3.38
2011.05.20 09:05:20.601,0.9399,0.94029,1.35,2.25
2011.05.20 09:05:20.929,0.93994,0.94029,1.35,2.25
2011.05.20 09:05:21.149,0.93994,0.94033,1.35,1.13
2011.05.20 09:05:26.131,0.93994,0.94037,3.00,4.73
2011.05.20 09:05:26.241,0.93991,0.94032,3.38,1.50
2011.05.20 09:05:27.011,0.93986,0.94022,2.10,2.25
2011.05.20 09:05:27.230,0.93987,0.94022,5.70,2.25
2011.05.20 09:05:27.627,0.93987,0.9403,5.70,3.23
2011.05.20 09:05:28.141,0.93988,0.94031,1.35,2.25
2011.05.20 09:05:28.469,0.93989,0.94031,2.63,1.35
2011.05.20 09:05:29.319,0.93989,0.94032,3.23,3.23
2011.05.20 09:05:31.961,0.93989,0.94033,3.23,2.70
2011.05.20 09:05:32.511,0.9399,0.94035,3.23,3.00
2011.05.20 09:05:32.621,0.9399,0.94035,3.60,3.00
2011.05.20 09:05:32.730,0.93988,0.94033,5.48,2.70
2011.05.20 09:05:32.839,0.93988,0.94032,3.23,2.70
2011.05.20 09:05:32.951,0.93991,0.94032,3.23,3.08
2011.05.20 09:05:33.281,0.93992,0.94036,1.35,3.23
2011.05.20 09:05:33.392,0.93992,0.94036,1.35,2.63
2011.05.20 09:05:33.502,0.93997,0.94038,2.85,3.23
2011.05.20 09:05:35.391,0.94002,0.94039,2.25,1.35
2011.05.20 09:05:35.501,0.93999,0.94039,2.63,2.10
2011.05.20 09:05:36.260,0.94018,0.94042,2.25,2.10
2011.05.20 09:05:36.480,0.94022,0.94059,2.25,1.73
2011.05.20 09:05:36.589,0.94022,0.94059,2.25,1.35
2011.05.20 09:05:37.579,0.94022,0.94059,2.25,1.35
2011.05.20 09:05:38.191,0.94019,0.94059,4.50,1.35
2011.05.20 09:05:38.752,0.94027,0.94059,2.25,1.35
2011.05.20 09:05:38.970,0.94027,0.94062,2.25,2.10
2011.05.20 09:05:39.539,0.94028,0.94068,2.25,1.35
2011.05.20 09:05:39.654,0.9403,0.9407,2.25,1.35
2011.05.20 09:05:39.760,0.9403,0.94071,2.25,1.88
2011.05.20 09:05:39.870,0.94027,0.9407,2.25,1.35
2011.05.20 09:05:39.980,0.94026,0.94066,2.25,1.50
2011.05.20 09:05:40.311,0.94026,0.94063,2.63,2.70
2011.05.20 09:05:41.959,0.9402,0.94063,2.63,1.13
2011.05.20 09:05:42.509,0.94017,0.94058,1.35,2.25
2011.05.20 09:05:42.729,0.94011,0.94053,3.00,1.35
2011.05.20 09:05:42.840,0.94011,0.94053,3.00,1.73
2011.05.20 09:05:42.950,0.94011,0.94057,2.63,5.85
2011.05.20 09:05:43.494,0.9401,0.94052,1.35,2.25
2011.05.20 09:05:43.602,0.9401,0.94052,1.35,2.85
2011.05.20 09:05:43.902,0.94008,0.94052,3.08,3.23
2011.05.20 09:05:44.010,0.94008,0.94046,2.48,2.85
2011.05.20 09:05:44.338,0.94001,0.94046,3.00,2.25
2011.05.20 09:05:46.031,0.94014,0.94049,2.25,3.61
2011.05.20 09:05:46.359,0.94008,0.94049,2.63,3.61
2011.05.20 09:05:47.632,0.94008,0.94049,2.63,2.10
2011.05.20 09:05:48.172,0.94008,0.94049,2.63,1.73
2011.05.20 09:05:48.280,0.94011,0.94049,2.25,1.73
2011.05.20 09:05:48.608,0.94011,0.94052,2.63,3.08
2011.05.20 09:05:49.690,0.94012,0.94052,2.63,3.08
2011.05.20 09:05:49.799,0.94012,0.94053,3.00,1.73
2011.05.20 09:05:50.239,0.94012,0.94053,2.63,1.73
2011.05.20 09:05:50.568,0.94012,0.94053,2.63,2.10
2011.05.20 09:05:54.993,0.94011,0.94053,2.63,2.85
2011.05.20 09:05:56.710,0.94011,0.94052,2.63,1.88
2011.05.20 09:05:57.040,0.94009,0.94052,2.63,4.13
2011.05.20 09:05:57.259,0.94001,0.94045,1.35,2.25
2011.05.20 09:06:06.202,0.93999,0.94044,3.60,2.25
2011.05.20 09:06:06.749,0.94001,0.94043,3.23,1.35
2011.05.20 09:06:08.231,0.94001,0.94043,3.60,1.35
2011.05.20 09:06:12.760,0.94007,0.94049,1.35,3.23
2011.05.20 09:06:16.419,0.94012,0.94053,1.50,3.45
2011.05.20 09:06:16.530,0.94014,0.94054,1.35,3.98
2011.05.20 09:06:17.189,0.94014,0.94054,1.35,3.98
2011.05.20 09:06:17.410,0.94012,0.94054,1.35,3.60
2011.05.20 09:06:17.849,0.94014,0.94054,3.23,1.73
2011.05.20 09:06:22.260,0.94011,0.94053,2.10,2.63
2011.05.20 09:06:24.321,0.94014,0.94054,1.35,3.60
2011.05.20 09:06:26.123,0.94015,0.94055,3.60,2.63
2011.05.20 09:06:27.643,0.94018,0.94058,3.23,1.73
2011.05.20 09:06:28.669,0.94022,0.94061,1.35,3.00
2011.05.20 09:06:28.780,0.94023,0.94063,3.23,2.48
2011.05.20 09:06:28.890,0.94023,0.94067,1.35,3.23
2011.05.20 09:06:29.000,0.94022,0.94067,3.23,3.23
2011.05.20 09:06:29.331,0.94023,0.94067,1.35,2.85
2011.05.20 09:06:30.979,0.94025,0.94068,2.63,4.36
2011.05.20 09:06:32.123,0.9402,0.94063,1.35,5.48
2011.05.20 09:06:32.821,0.9402,0.94063,1.35,2.48
2011.05.20 09:06:33.600,0.9402,0.94059,1.35,2.63
2011.05.20 09:06:33.819,0.94023,0.94063,1.35,2.10
2011.05.20 09:06:34.505,0.94023,0.94064,1.35,2.63
2011.05.20 09:06:34.611,0.94023,0.94061,1.35,2.25
2011.05.20 09:06:35.679,0.94023,0.94061,1.35,2.25
2011.05.20 09:06:36.009,0.94023,0.94064,1.35,2.63
2011.05.20 09:06:37.970,0.94028,0.94068,1.35,2.63
2011.05.20 09:06:38.520,0.94028,0.94066,3.45,2.25
2011.05.20 09:06:39.080,0.94028,0.94066,3.45,2.25
2011.05.20 09:06:41.019,0.94028,0.94068,3.45,3.38
2011.05.20 09:06:49.448,0.94031,0.94068,2.25,1.50
2011.05.20 09:06:49.999,0.94028,0.94068,3.23,1.50
2011.05.20 09:06:51.441,0.94028,0.94072,3.60,1.13
2011.05.20 09:06:51.550,0.9403,0.94073,3.23,4.21
2011.05.20 09:06:55.172,0.9403,0.94073,2.63,2.48
2011.05.20 09:06:55.280,0.94028,0.94069,2.25,4.50
2011.05.20 09:06:55.390,0.94026,0.94068,2.63,4.21
2011.05.20 09:06:58.142,0.94038,0.94069,2.10,1.13
2011.05.20 09:06:58.251,0.94041,0.94072,2.85,2.48
2011.05.20 09:06:58.471,0.94045,0.94078,2.25,1.13
2011.05.20 09:06:58.580,0.94046,0.94078,2.85,1.13
2011.05.20 09:06:59.114,0.94042,0.94083,1.35,2.10
2011.05.20 09:06:59.660,0.94044,0.94083,2.85,4.20
2011.05.20 09:06:59.770,0.94044,0.94083,3.23,1.73
2011.05.20 09:06:59.879,0.94046,0.94083,2.25,1.73
2011.05.20 09:06:59.989,0.94043,0.94083,3.23,1.35
2011.05.20 09:07:00.800,0.94039,0.94081,1.35,2.63
2011.05.20 09:07:01.301,0.94039,0.94081,1.35,2.63
2011.05.20 09:07:02.791,0.94042,0.94085,3.23,1.13
2011.05.20 09:07:03.200,0.94042,0.9408,2.85,1.13
2011.05.20 09:07:03.530,0.94042,0.9408,3.23,1.13
2011.05.20 09:07:04.091,0.94042,0.9408,3.23,1.13
2011.05.20 09:07:04.639,0.94042,0.9408,3.23,1.13
2011.05.20 09:07:05.209,0.94042,0.9408,3.23,1.13
2011.05.20 09:07:07.790,0.94042,0.94084,3.23,1.13
2011.05.20 09:07:09.170,0.94043,0.94087,1.35,2.25
2011.05.20 09:07:09.279,0.94045,0.94088,2.63,5.86
2011.05.20 09:07:09.389,0.94045,0.94088,2.25,5.86
2011.05.20 09:07:09.957,0.94042,0.94085,3.23,2.63
2011.05.20 09:07:10.601,0.94047,0.94088,2.63,5.48
2011.05.20 09:07:11.041,0.94042,0.94087,3.98,2.63
2011.05.20 09:07:11.891,0.94039,0.94083,2.63,3.00
2011.05.20 09:07:12.519,0.94038,0.94082,4.73,2.48
2011.05.20 09:07:14.619,0.94044,0.94082,2.25,2.48
2011.05.20 09:07:16.309,0.94044,0.94082,2.63,3.08
2011.05.20 09:07:16.529,0.94044,0.94083,1.35,1.13
2011.05.20 09:07:23.832,0.94047,0.94083,3.23,1.13
2011.05.20 09:07:24.161,0.94051,0.94093,3.00,1.73
2011.05.20 09:07:24.490,0.94061,0.94097,2.63,1.13
2011.05.20 09:07:25.040,0.94056,0.94101,3.60,4.36
2011.05.20 09:07:27.032,0.94059,0.94095,2.85,1.13
2011.05.20 09:07:27.251,0.9405,0.94093,3.00,1.35
2011.05.20 09:07:27.471,0.94048,0.94092,3.00,2.48
2011.05.20 09:07:27.581,0.94049,0.94092,2.63,4.73
2011.05.20 09:07:27.801,0.9405,0.94088,2.85,1.13
2011.05.20 09:07:28.791,0.9405,0.94089,2.25,1.13
2011.05.20 09:07:28.901,0.94051,0.94092,3.23,4.21
2011.05.20 09:07:30.649,0.94052,0.94092,3.23,4.21
2011.05.20 09:07:31.243,0.94052,0.94092,3.23,2.70
2011.05.20 09:07:32.862,0.94052,0.94092,3.23,2.70
2011.05.20 09:07:33.950,0.94053,0.94093,2.63,2.70
2011.05.20 09:07:34.512,0.94053,0.94093,2.63,2.70
2011.05.20 09:07:36.225,0.94053,0.94093,2.63,2.70
2011.05.20 09:07:36.339,0.94053,0.94093,2.63,2.70
2011.05.20 09:07:42.203,0.94054,0.94093,2.25,2.70
2011.05.20 09:07:43.441,0.94054,0.94093,2.25,2.70
2011.05.20 09:07:43.990,0.94053,0.94093,2.63,2.70
2011.05.20 09:07:44.470,0.94053,0.94093,2.63,4.21
2011.05.20 09:07:49.161,0.94053,0.94093,2.63,4.21
2011.05.20 09:07:49.269,0.94053,0.94093,2.63,4.21
2011.05.20 09:07:49.600,0.94053,0.94093,2.63,3.08
2011.05.20 09:07:50.149,0.94054,0.94092,2.25,2.70
2011.05.20 09:07:55.100,0.94052,0.94092,3.23,3.08
2011.05.20 09:07:56.360,0.94052,0.94092,3.23,2.70
2011.05.20 09:07:58.233,0.94048,0.94091,3.08,2.25
2011.05.20 09:07:58.451,0.94053,0.94093,2.25,4.21
2011.05.20 09:07:58.558,0.94053,0.94093,2.25,4.21
2011.05.20 09:07:59.180,0.94052,0.94093,3.23,4.21
2011.05.20 09:07:59.292,0.94053,0.94093,2.63,3.08
2011.05.20 09:07:59.510,0.94052,0.94093,3.23,3.08
2011.05.20 09:07:59.840,0.94054,0.94093,2.25,3.08
2011.05.20 09:08:00.060,0.9405,0.94093,3.23,3.08
2011.05.20 09:08:01.349,0.9405,0.9409,3.23,1.13
2011.05.20 09:08:01.569,0.9405,0.9409,3.23,1.13
2011.05.20 09:08:01.680,0.94046,0.94089,2.48,2.25
2011.05.20 09:08:02.479,0.94052,0.94091,1.35,1.13
2011.05.20 09:08:02.591,0.94053,0.94093,3.00,1.73
2011.05.20 09:08:02.919,0.94053,0.94092,2.25,3.08
2011.05.20 09:08:03.029,0.94048,0.94091,5.33,2.25
2011.05.20 09:08:03.359,0.94048,0.94089,2.48,1.88
2011.05.20 09:08:08.881,0.94045,0.94089,3.00,3.60
2011.05.20 09:08:09.615,0.94047,0.94089,2.48,3.23
2011.05.20 09:08:13.649,0.94046,0.94089,2.63,3.75
2011.05.20 09:08:15.012,0.94044,0.94084,1.35,1.35
2011.05.20 09:08:15.230,0.94044,0.94084,1.35,1.35
2011.05.20 09:08:15.561,0.94046,0.94089,3.00,5.48
2011.05.20 09:08:15.891,0.94048,0.94082,1.35,2.25
2011.05.20 09:08:16.001,0.94048,0.94082,1.35,2.25
2011.05.20 09:08:16.550,0.94048,0.94083,1.35,2.25
2011.05.20 09:08:17.400,0.94048,0.94084,1.35,2.25
2011.05.20 09:08:18.010,0.94048,0.94085,1.35,2.25
2011.05.20 09:08:19.380,0.94048,0.94085,1.35,2.25
2011.05.20 09:08:20.499,0.94047,0.94085,3.45,2.25
2011.05.20 09:08:20.610,0.94047,0.94087,3.45,2.63
2011.05.20 09:08:21.869,0.94049,0.94091,2.63,1.35
2011.05.20 09:08:24.340,0.94051,0.94091,2.63,1.35
2011.05.20 09:08:25.282,0.94051,0.94093,2.63,3.83
2011.05.20 09:08:26.629,0.94053,0.94093,2.63,3.83
2011.05.20 09:08:27.319,0.94053,0.94093,5.48,3.23
2011.05.20 09:08:28.379,0.94055,0.94093,3.23,3.23
2011.05.20 09:08:38.390,0.94057,0.94093,2.63,1.13
2011.05.20 09:08:39.049,0.94057,0.941,3.38,5.10
2011.05.20 09:08:39.600,0.94061,0.941,2.63,1.50
2011.05.20 09:08:40.370,0.94059,0.941,2.63,2.48
2011.05.20 09:08:40.700,0.94056,0.94099,2.25,1.35
2011.05.20 09:08:41.249,0.94055,0.94097,3.23,2.48
2011.05.20 09:08:43.939,0.94055,0.94097,3.23,2.48
2011.05.20 09:08:45.641,0.94056,0.94099,2.63,4.36
2011.05.20 09:08:57.060,0.94058,0.94099,2.25,2.10
2011.05.20 09:08:57.280,0.94055,0.94094,3.23,1.73
2011.05.20 09:09:00.289,0.94052,0.94094,3.98,1.73
2011.05.20 09:09:02.260,0.94052,0.94094,2.85,1.35
2011.05.20 09:09:02.480,0.94052,0.94097,3.23,3.23
2011.05.20 09:09:03.150,0.94057,0.94097,2.25,5.70
2011.05.20 09:09:07.769,0.94057,0.94094,2.25,1.35
2011.05.20 09:09:08.396,0.94055,0.94093,2.25,4.95
2011.05.20 09:09:08.886,0.94052,0.94088,2.25,2.48
2011.05.20 09:09:10.489,0.94054,0.94085,2.25,1.13
2011.05.20 09:09:10.710,0.94054,0.94088,2.25,2.48
2011.05.20 09:09:10.820,0.94058,0.94088,2.25,1.35
2011.05.20 09:09:11.491,0.94056,0.94088,4.50,1.35
2011.05.20 09:09:13.941,0.94057,0.94088,2.25,1.35
2011.05.20 09:09:14.231,0.94057,0.94092,2.25,1.35
2011.05.20 09:09:15.000,0.94057,0.94093,2.63,3.08
2011.05.20 09:09:15.110,0.94062,0.94093,2.25,3.08
2011.05.20 09:09:24.719,0.94055,0.94093,2.63,1.73
2011.05.20 09:09:25.490,0.94062,0.94093,2.25,1.73
2011.05.20 09:09:29.724,0.94061,0.94095,2.25,1.35
2011.05.20 09:09:35.011,0.94056,0.94096,2.25,1.35
2011.05.20 09:09:35.230,0.94056,0.94091,2.25,1.50
2011.05.20 09:09:36.069,0.94058,0.94091,2.25,1.50
2011.05.20 09:09:38.231,0.94055,0.94091,2.25,2.25
2011.05.20 09:09:38.339,0.94049,0.94091,2.25,2.25
2011.05.20 09:09:38.560,0.94058,0.94091,2.25,2.25
2011.05.20 09:09:39.572,0.9405,0.94091,2.25,2.25
2011.05.20 09:09:39.679,0.94056,0.94091,2.25,2.25
2011.05.20 09:09:40.190,0.94055,0.94091,2.25,1.88
2011.05.20 09:09:40.300,0.94057,0.94092,2.25,3.08
2011.05.20 09:09:40.630,0.9406,0.94092,2.25,2.10
2011.05.20 09:09:42.141,0.94057,0.94092,2.25,2.10
2011.05.20 09:09:42.250,0.9405,0.94092,2.25,4.35
2011.05.20 09:09:42.362,0.9405,0.94092,2.25,5.70
2011.05.20 09:09:42.801,0.9405,0.94092,2.63,3.60
2011.05.20 09:09:43.020,0.94051,0.94092,2.63,4.95
2011.05.20 09:09:43.593,0.94053,0.94092,2.25,2.85
2011.05.20 09:09:43.920,0.9406,0.94092,2.25,3.08
2011.05.20 09:09:44.360,0.94058,0.94092,2.25,3.08
2011.05.20 09:09:44.470,0.94054,0.94092,2.25,3.08
2011.05.20 09:09:44.690,0.94053,0.94092,2.25,3.60
2011.05.20 09:09:45.020,0.94058,0.94092,2.25,1.50
2011.05.20 09:09:45.621,0.94057,0.94092,2.25,1.50
2011.05.20 09:09:46.169,0.94054,0.94092,2.25,1.50
2011.05.20 09:09:46.280,0.94052,0.94092,2.25,1.50
2011.05.20 09:09:49.439,0.94052,0.94089,2.25,1.13
2011.05.20 09:09:49.550,0.9405,0.94089,4.50,1.13
2011.05.20 09:09:49.660,0.94052,0.94089,2.25,1.13
2011.05.20 09:09:50.541,0.94052,0.94085,2.25,1.13
2011.05.20 09:09:51.520,0.94053,0.94088,2.25,1.13
2011.05.20 09:09:51.631,0.94055,0.94088,2.25,1.13
2011.05.20 09:09:51.851,0.94052,0.94089,2.25,1.13
2011.05.20 09:09:52.070,0.94052,0.94089,2.25,1.13
2011.05.20 09:09:52.181,0.94056,0.94089,2.25,1.13
2011.05.20 09:09:52.510,0.94057,0.94089,2.25,1.13
2011.05.20 09:09:52.620,0.94057,0.94089,2.25,1.13
2011.05.20 09:09:52.730,0.94052,0.94089,2.25,1.13
2011.05.20 09:09:52.950,0.94055,0.94092,2.25,2.25
2011.05.20 09:09:53.280,0.94058,0.94092,2.25,2.25
2011.05.20 09:09:53.610,0.94049,0.94092,2.63,2.25
2011.05.20 09:09:56.750,0.94056,0.94092,2.25,1.50
2011.05.20 09:09:57.151,0.94058,0.94092,2.25,1.50
2011.05.20 09:09:57.262,0.94049,0.94092,2.63,3.75
2011.05.20 09:09:58.721,0.94058,0.94092,2.25,1.50
2011.05.20 09:09:59.920,0.94057,0.94088,2.25,1.13
2011.05.20 09:10:00.500,0.94055,0.94088,2.25,1.13
2011.05.20 09:10:00.609,0.94049,0.94089,2.63,1.13
2011.05.20 09:10:00.831,0.94052,0.94093,1.35,3.23
2011.05.20 09:10:01.489,0.94055,0.94094,2.63,1.13
2011.05.20 09:10:02.890,0.94056,0.94094,2.63,1.13
2011.05.20 09:10:04.199,0.94054,0.94096,5.85,1.73
2011.05.20 09:10:04.749,0.94056,0.94099,3.00,4.36
2011.05.20 09:10:05.361,0.94056,0.94099,3.00,4.35
2011.05.20 09:10:06.191,0.94056,0.94099,2.63,3.98
2011.05.20 09:10:06.301,0.94054,0.94099,3.60,2.25
2011.05.20 09:10:07.159,0.94057,0.941,2.63,2.25
2011.05.20 09:10:08.986,0.94056,0.94101,2.63,2.63
2011.05.20 09:10:10.922,0.94056,0.94099,2.63,2.25
2011.05.20 09:10:11.140,0.94055,0.94098,2.63,3.23
2011.05.20 09:10:11.360,0.94058,0.94099,2.25,1.13
2011.05.20 09:10:12.250,0.94058,0.94095,2.25,2.25
2011.05.20 09:10:15.149,0.94058,0.94093,2.25,4.21
2011.05.20 09:10:15.260,0.94051,0.94093,3.23,4.21
2011.05.20 09:10:20.120,0.94052,0.94093,2.63,4.21
2011.05.20 09:10:20.669,0.94052,0.94093,3.98,3.60
2011.05.20 09:10:28.650,0.9406,0.94093,3.23,2.85
2011.05.20 09:10:28.760,0.94063,0.94098,2.63,1.13
2011.05.20 09:10:29.349,0.94064,0.94103,3.23,1.13
2011.05.20 09:10:30.469,0.94065,0.94104,3.23,1.13
2011.05.20 09:10:31.019,0.94065,0.94108,3.23,1.13
2011.05.20 09:10:31.129,0.94065,0.94109,3.23,1.13
2011.05.20 09:10:35.182,0.94065,0.94108,3.23,1.13
2011.05.20 09:10:35.568,0.94065,0.94109,3.23,1.13
2011.05.20 09:10:35.681,0.94065,0.94108,3.23,1.13
2011.05.20 09:10:35.899,0.94065,0.94108,3.23,1.13
2011.05.20 09:10:38.211,0.94065,0.94108,3.23,1.13
2011.05.20 09:10:39.111,0.94065,0.94108,3.23,1.13
2011.05.20 09:10:42.031,0.94066,0.94103,3.23,1.13
2011.05.20 09:10:42.140,0.94066,0.94104,2.85,1.50
2011.05.20 09:10:42.250,0.94063,0.94106,2.25,3.00
2011.05.20 09:10:42.801,0.94059,0.94103,3.23,2.10
2011.05.20 09:10:44.880,0.94057,0.94098,2.25,1.35
2011.05.20 09:10:45.213,0.94057,0.94098,3.60,1.13
2011.05.20 09:10:45.971,0.94056,0.94097,2.25,1.50
2011.05.20 09:10:46.190,0.94052,0.94094,3.23,3.00
2011.05.20 09:10:46.630,0.94051,0.94093,3.23,1.13
2011.05.20 09:10:46.959,0.94053,0.94093,3.23,3.83
2011.05.20 09:10:48.403,0.94055,0.94093,2.63,1.73
2011.05.20 09:10:48.514,0.94057,0.94094,2.25,2.10
2011.05.20 09:10:48.842,0.94055,0.94092,2.25,2.70
2011.05.20 09:10:49.172,0.94053,0.94092,2.63,2.70
2011.05.20 09:10:49.282,0.94049,0.94092,3.23,3.08
2011.05.20 09:10:49.609,0.94053,0.94092,2.63,2.70
2011.05.20 09:10:50.623,0.94053,0.94092,2.63,2.70
2011.05.20 09:10:51.270,0.94054,0.94093,2.25,2.70
2011.05.20 09:10:51.800,0.94053,0.94093,2.63,2.70
2011.05.20 09:10:52.350,0.94054,0.94093,2.63,3.08
2011.05.20 09:10:52.663,0.94054,0.94093,2.25,3.08
2011.05.20 09:10:52.880,0.94049,0.94092,3.23,3.23
2011.05.20 09:10:52.990,0.94049,0.94092,3.60,2.85
2011.05.20 09:10:55.930,0.94054,0.94093,2.25,3.08
2011.05.20 09:10:56.480,0.94052,0.94092,2.25,3.08
2011.05.20 09:10:56.590,0.9405,0.94092,2.85,3.23
2011.05.20 09:10:56.700,0.9405,0.94092,3.23,3.23
2011.05.20 09:10:57.243,0.94053,0.94093,2.25,4.21
2011.05.20 09:10:58.587,0.94054,0.94092,2.25,3.08
2011.05.20 09:10:58.956,0.94052,0.94092,2.25,3.08
2011.05.20 09:10:59.539,0.9405,0.94092,3.23,3.08
2011.05.20 09:10:59.649,0.94053,0.94092,2.25,3.08
2011.05.20 09:11:01.851,0.94053,0.94092,2.25,3.08
2011.05.20 09:11:01.960,0.94053,0.94092,2.25,3.08
2011.05.20 09:11:02.522,0.94052,0.94092,2.63,3.08
2011.05.20 09:11:03.636,0.9405,0.94092,3.60,3.83
2011.05.20 09:11:03.750,0.9405,0.94092,3.60,3.08
2011.05.20 09:11:04.116,0.94051,0.94092,2.63,1.35
2011.05.20 09:11:05.930,0.94048,0.94092,3.23,3.45
2011.05.20 09:11:08.820,0.94051,0.94092,2.25,3.60
2011.05.20 09:11:09.370,0.94046,0.94089,2.63,2.25
2011.05.20 09:11:18.469,0.94043,0.94088,3.23,4.36
2011.05.20 09:11:21.001,0.94043,0.94088,3.23,3.23
2011.05.20 09:11:21.550,0.94046,0.9409,2.63,1.73
2011.05.20 09:11:22.490,0.94046,0.94088,2.63,1.13
2011.05.20 09:11:22.966,0.94048,0.94084,2.63,1.50
2011.05.20 09:11:23.074,0.94047,0.94088,3.60,1.35
2011.05.20 09:11:23.619,0.94052,0.94089,3.23,1.13
2011.05.20 09:11:23.949,0.94053,0.94092,1.35,2.85
2011.05.20 09:11:24.060,0.94053,0.94095,1.35,3.23
2011.05.20 09:11:24.941,0.94053,0.94096,3.23,2.25
2011.05.20 09:11:25.161,0.94053,0.94096,3.60,2.25
2011.05.20 09:11:25.490,0.94053,0.94096,3.23,2.25
2011.05.20 09:11:27.591,0.9405,0.94097,2.63,6.60
2011.05.20 09:11:30.212,0.94047,0.94092,2.63,3.23
2011.05.20 09:11:37.481,0.9405,0.94094,3.00,1.35
2011.05.20 09:11:37.920,0.9405,0.94095,2.63,3.00
2011.05.20 09:11:40.690,0.94047,0.9409,1.50,1.88
2011.05.20 09:11:40.800,0.94049,0.94092,1.35,2.85
2011.05.20 09:11:40.910,0.94054,0.94092,1.35,2.63
2011.05.20 09:11:41.130,0.9406,0.94103,2.63,4.35
2011.05.20 09:11:41.240,0.9406,0.94103,2.63,3.00
2011.05.20 09:11:41.460,0.9406,0.94104,3.00,2.48
2011.05.20 09:11:41.791,0.94063,0.94106,3.00,3.60
2011.05.20 09:11:42.341,0.94065,0.94108,1.35,3.23
2011.05.20 09:11:42.452,0.94063,0.94109,1.35,2.25
2011.05.20 09:11:43.990,0.94064,0.94107,3.23,7.96
2011.05.20 09:11:47.065,0.94063,0.94107,3.60,1.35
2011.05.20 09:11:56.584,0.94063,0.94107,3.23,1.35
2011.05.20 09:11:58.130,0.94063,0.94105,2.25,2.25
2011.05.20 09:11:58.462,0.94061,0.94104,3.75,2.25
2011.05.20 09:11:59.011,0.94068,0.94105,2.10,2.48
2011.05.20 09:11:59.230,0.94064,0.94105,2.25,1.50
2011.05.20 09:12:00.000,0.94061,0.94103,2.63,2.10
2011.05.20 09:12:04.731,0.94062,0.94103,1.50,3.83
2011.05.20 09:12:04.840,0.94063,0.94103,3.23,3.23
2011.05.20 09:12:11.541,0.94063,0.94103,2.25,1.88
2011.05.20 09:12:12.090,0.94059,0.94103,3.23,1.50
2011.05.20 09:12:12.961,0.94058,0.94102,5.33,2.10
2011.05.20 09:12:13.290,0.94059,0.94103,3.23,4.95
2011.05.20 09:12:13.722,0.9406,0.94103,2.63,5.85
2011.05.20 09:12:17.069,0.94058,0.94103,3.23,8.10
2011.05.20 09:12:18.361,0.94058,0.94101,3.23,3.23
2011.05.20 09:12:19.321,0.94058,0.94101,3.23,3.23
2011.05.20 09:12:20.190,0.94058,0.94101,3.23,3.23
2011.05.20 09:12:22.338,0.94058,0.94101,3.23,3.23
2011.05.20 09:12:25.399,0.94057,0.941,3.23,2.25
2011.05.20 09:12:27.251,0.94057,0.941,5.33,2.25
2011.05.20 09:12:29.151,0.94057,0.941,3.60,2.25
2011.05.20 09:12:29.262,0.94059,0.941,1.35,2.63
2011.05.20 09:12:29.791,0.94058,0.94103,3.60,6.23
2011.05.20 09:12:29.901,0.94067,0.94111,1.35,3.23
2011.05.20 09:12:30.014,0.94074,0.94113,3.23,1.35
2011.05.20 09:12:30.122,0.94079,0.94118,2.63,3.60
2011.05.20 09:12:30.900,0.94072,0.94117,3.23,2.25
2011.05.20 09:12:31.559,0.94073,0.94118,1.35,4.13
2011.05.20 09:12:32.922,0.94074,0.94117,3.23,2.63
2011.05.20 09:12:33.251,0.94075,0.94118,3.00,4.73
2011.05.20 09:12:33.471,0.94077,0.94118,1.35,2.63
2011.05.20 09:12:33.582,0.94078,0.94118,2.48,1.50
2011.05.20 09:12:33.800,0.94071,0.94114,2.63,3.75
2011.05.20 09:12:33.910,0.94077,0.94114,2.25,1.50
2011.05.20 09:12:34.130,0.94069,0.94114,2.63,2.25
2011.05.20 09:12:34.570,0.94075,0.94114,2.25,1.50
2011.05.20 09:12:34.680,0.94073,0.94113,2.25,2.25
2011.05.20 09:12:34.900,0.94074,0.94113,2.63,1.73
2011.05.20 09:12:36.099,0.94077,0.94118,2.85,1.73
2011.05.20 09:12:37.250,0.94075,0.94113,2.63,2.10
2011.05.20 09:12:37.360,0.94073,0.94115,2.63,2.10
2011.05.20 09:12:38.821,0.94075,0.94118,2.63,3.23
2011.05.20 09:12:39.150,0.94077,0.94119,2.63,1.73
2011.05.20 09:12:39.699,0.94078,0.94119,2.63,2.10
2011.05.20 09:12:40.580,0.94077,0.94119,2.63,1.73
2011.05.20 09:12:40.909,0.94077,0.94119,2.63,1.73
2011.05.20 09:12:41.169,0.94077,0.94119,2.63,1.73
2011.05.20 09:12:41.500,0.94077,0.94119,3.60,1.73
2011.05.20 09:12:41.721,0.94077,0.94117,2.63,1.50
2011.05.20 09:12:42.270,0.94072,0.94113,2.63,1.13
2011.05.20 09:12:42.709,0.94068,0.94111,2.63,1.50
2011.05.20 09:12:44.529,0.94067,0.9411,1.73,2.25
2011.05.20 09:12:44.751,0.94067,0.9411,1.73,2.25
2011.05.20 09:12:46.799,0.94067,0.94111,1.73,3.75
2011.05.20 09:12:46.909,0.94069,0.94111,1.13,3.75
2011.05.20 09:12:47.020,0.94066,0.94111,3.98,4.50
2011.05.20 09:12:47.592,0.9407,0.94111,2.25,1.50
2011.05.20 09:12:48.171,0.94071,0.94111,2.25,1.88
2011.05.20 09:12:48.751,0.94067,0.94111,3.23,1.50
2011.05.20 09:12:49.492,0.94069,0.94111,1.13,1.50
2011.05.20 09:12:50.711,0.94067,0.94111,3.98,1.88
2011.05.20 09:12:51.940,0.94068,0.94111,1.13,1.50
2011.05.20 09:12:52.710,0.94068,0.94111,1.13,1.50
2011.05.20 09:12:52.930,0.94069,0.94111,2.25,1.88
2011.05.20 09:12:53.641,0.94069,0.94111,2.25,3.60
2011.05.20 09:12:53.750,0.9407,0.94111,2.25,1.88
2011.05.20 09:12:53.970,0.9407,0.94111,2.25,3.60
2011.05.20 09:12:54.079,0.94067,0.9411,3.60,3.00
2011.05.20 09:12:54.410,0.94069,0.94111,2.25,1.88
2011.05.20 09:12:54.959,0.94068,0.94111,2.63,4.13
2011.05.20 09:12:59.450,0.9407,0.94111,2.25,1.50
2011.05.20 09:12:59.670,0.94068,0.94111,2.63,3.75
2011.05.20 09:13:00.179,0.94068,0.94111,2.63,1.88
2011.05.20 09:13:00.837,0.94067,0.9411,3.23,1.13
2011.05.20 09:13:02.509,0.94067,0.94111,3.23,1.88
2011.05.20 09:13:02.850,0.94063,0.94108,3.23,2.25
2011.05.20 09:13:02.960,0.94063,0.94106,2.63,2.63
2011.05.20 09:13:03.121,0.94067,0.94108,2.25,4.13
2011.05.20 09:13:03.910,0.94066,0.94108,2.25,3.61
2011.05.20 09:13:04.460,0.94066,0.94108,2.25,3.61
2011.05.20 09:13:06.081,0.94066,0.94108,2.63,3.23
2011.05.20 09:13:06.191,0.94068,0.94108,3.23,1.13
2011.05.20 09:13:06.960,0.94071,0.94108,2.25,1.13
2011.05.20 09:13:07.213,0.94071,0.94108,2.25,1.13
2011.05.20 09:13:08.673,0.94071,0.94108,2.63,1.13
2011.05.20 09:13:08.890,0.94069,0.9411,3.23,1.35
2011.05.20 09:13:09.721,0.94066,0.94111,5.10,2.25
2011.05.20 09:13:09.830,0.94065,0.94107,2.63,1.50
2011.05.20 09:13:10.841,0.94065,0.94107,1.13,1.50
2011.05.20 09:13:11.062,0.9406,0.94105,3.23,2.25
2011.05.20 09:13:11.169,0.9406,0.94105,3.60,3.60
2011.05.20 09:13:11.501,0.94061,0.94104,2.63,2.25
2011.05.20 09:13:15.109,0.94056,0.941,1.13,2.63
2011.05.20 09:13:16.100,0.94058,0.941,2.85,2.63
2011.05.20 09:13:18.631,0.94058,0.94102,3.00,2.10
2011.05.20 09:13:18.851,0.9407,0.94108,2.63,1.73
2011.05.20 09:13:18.960,0.9407,0.94109,2.25,1.35
2011.05.20 09:13:19.180,0.94064,0.94106,2.63,1.50
2011.05.20 09:13:19.620,0.94064,0.94106,2.63,2.48
2011.05.20 09:13:19.731,0.94071,0.94109,2.25,1.35
2011.05.20 09:13:19.840,0.94071,0.9411,2.25,3.60
2011.05.20 09:13:20.059,0.94069,0.9411,2.25,5.85
2011.05.20 09:13:20.280,0.94069,0.94106,2.25,1.50
2011.05.20 09:13:20.611,0.94059,0.94104,3.00,2.25
2011.05.20 09:13:20.720,0.94059,0.94104,3.00,3.23
2011.05.20 09:13:20.831,0.94063,0.94105,3.00,3.23
2011.05.20 09:13:21.930,0.94065,0.94107,1.13,2.25
2011.05.20 09:13:22.402,0.94065,0.94109,2.63,1.35
2011.05.20 09:13:22.880,0.94065,0.94109,3.38,1.35
2011.05.20 09:13:24.512,0.94065,0.94108,2.63,1.73
2011.05.20 09:13:25.839,0.94065,0.94105,1.13,2.25
2011.05.20 09:13:25.949,0.94061,0.94105,1.13,2.25
2011.05.20 09:13:29.911,0.94058,0.94102,3.00,1.88
2011.05.20 09:13:30.136,0.94058,0.94102,3.00,1.50
2011.05.20 09:13:30.251,0.94057,0.94095,2.10,1.50
2011.05.20 09:13:30.362,0.94055,0.94095,2.25,2.85
2011.05.20 09:13:30.472,0.94047,0.94093,3.45,2.25
2011.05.20 09:13:30.581,0.94047,0.9409,2.48,1.35
2011.05.20 09:13:30.803,0.94047,0.94089,2.48,2.25
2011.05.20 09:13:31.502,0.94045,0.94088,2.63,2.25
2011.05.20 09:13:32.930,0.94044,0.94088,1.35,3.23
2011.05.20 09:13:33.042,0.9405,0.94092,2.63,1.35
2011.05.20 09:13:33.151,0.9405,0.94093,2.25,4.35
2011.05.20 09:13:33.702,0.94046,0.94089,3.23,2.63
2011.05.20 09:13:33.810,0.94046,0.94089,3.23,2.25
2011.05.20 09:13:34.404,0.94048,0.94086,2.10,2.25
2011.05.20 09:13:34.512,0.94044,0.94087,2.63,2.25
2011.05.20 09:13:34.950,0.94042,0.94082,2.25,1.88
2011.05.20 09:13:35.170,0.9404,0.94082,2.25,1.50
2011.05.20 09:13:35.501,0.94037,0.9408,1.13,2.63
2011.05.20 09:13:35.830,0.94034,0.94076,2.25,2.85
2011.05.20 09:13:36.270,0.94032,0.94073,2.25,3.60
2011.05.20 09:13:38.093,0.94029,0.94072,2.63,4.73
2011.05.20 09:13:38.422,0.94029,0.94072,2.25,5.70
2011.05.20 09:13:38.642,0.94023,0.94068,2.63,7.21
2011.05.20 09:13:38.970,0.94023,0.94068,2.63,2.25
2011.05.20 09:13:39.442,0.94023,0.94057,2.25,2.85
2011.05.20 09:13:39.552,0.94017,0.94055,2.10,2.63
2011.05.20 09:13:39.661,0.9401,0.94053,2.63,2.10
2011.05.20 09:13:39.990,0.94013,0.94054,2.63,1.35
2011.05.20 09:13:40.540,0.94014,0.94054,2.25,1.35
2011.05.20 09:13:41.200,0.94014,0.94058,3.23,1.13
2011.05.20 09:13:41.530,0.94015,0.9406,3.23,2.25
2011.05.20 09:13:41.751,0.94016,0.94062,3.23,3.60
2011.05.20 09:13:41.970,0.94019,0.94062,1.35,2.48
2011.05.20 09:13:43.861,0.94018,0.94062,5.33,3.60
2011.05.20 09:13:44.190,0.94021,0.94062,3.98,1.35
2011.05.20 09:13:45.309,0.94021,0.94062,3.60,1.35
2011.05.20 09:13:47.814,0.94021,0.94061,1.13,1.50
2011.05.20 09:13:48.042,0.94017,0.94058,2.10,3.00
2011.05.20 09:13:48.688,0.94013,0.94058,3.23,3.00
2011.05.20 09:13:50.880,0.94016,0.94058,1.13,3.00
2011.05.20 09:13:51.795,0.94015,0.94058,1.35,3.00
2011.05.20 09:13:51.900,0.94017,0.94058,1.50,3.00
2011.05.20 09:13:52.890,0.94018,0.94058,3.45,2.63
2011.05.20 09:13:53.000,0.94024,0.94058,1.13,2.63
2011.05.20 09:13:53.111,0.94026,0.94063,1.13,3.23
2011.05.20 09:13:53.221,0.94028,0.94064,2.10,3.23
2011.05.20 09:13:53.771,0.94027,0.94068,3.08,3.23
2011.05.20 09:13:53.992,0.94027,0.94069,4.58,2.25
2011.05.20 09:13:54.790,0.94027,0.94069,3.08,3.23
2011.05.20 09:13:56.061,0.94029,0.94071,2.63,2.48
2011.05.20 09:13:56.389,0.94027,0.94063,3.00,2.25
2011.05.20 09:13:56.720,0.94022,0.94063,1.35,2.10
2011.05.20 09:13:57.050,0.94025,0.94062,2.25,2.85
2011.05.20 09:13:57.410,0.94016,0.94059,1.13,2.25
2011.05.20 09:13:57.739,0.94016,0.94059,1.13,2.25
2011.05.20 09:13:58.070,0.94014,0.94054,1.13,1.50
2011.05.20 09:13:58.400,0.94014,0.94054,1.13,1.50
2011.05.20 09:13:58.620,0.94021,0.94056,1.13,2.85
2011.05.20 09:13:59.031,0.94022,0.94056,1.13,2.25
2011.05.20 09:13:59.135,0.94025,0.94064,3.38,1.35
2011.05.20 09:13:59.679,0.94025,0.94064,2.63,1.35
2011.05.20 09:14:00.020,0.94025,0.94067,3.23,1.35
2011.05.20 09:14:00.790,0.94029,0.94067,3.38,1.35
2011.05.20 09:14:00.900,0.94029,0.94072,2.63,3.23
2011.05.20 09:14:01.243,0.94032,0.94073,1.13,1.35
2011.05.20 09:14:01.570,0.94036,0.94075,1.13,1.35
2011.05.20 09:14:01.901,0.94036,0.94078,1.13,1.35
2011.05.20 09:14:02.451,0.94039,0.94077,2.63,5.33
2011.05.20 09:14:02.999,0.94038,0.94078,2.63,1.35
2011.05.20 09:14:04.901,0.94038,0.94073,2.48,2.63
2011.05.20 09:14:05.010,0.94038,0.94076,2.48,3.23
2011.05.20 09:14:05.390,0.94038,0.94074,2.48,3.23
2011.05.20 09:14:05.940,0.94038,0.94074,2.48,2.85
2011.05.20 09:14:06.689,0.94032,0.94078,2.10,6.23
2011.05.20 09:14:07.130,0.94038,0.94078,3.23,1.73
2011.05.20 09:14:09.731,0.94037,0.94075,2.25,2.25
2011.05.20 09:14:09.841,0.94032,0.94075,3.60,2.25
2011.05.20 09:14:09.951,0.94029,0.94072,4.50,4.35
2011.05.20 09:14:10.500,0.94028,0.94072,2.48,4.35
2011.05.20 09:14:12.044,0.94028,0.94072,3.23,4.35
2011.05.20 09:14:12.312,0.94028,0.94072,2.48,4.35
2011.05.20 09:14:12.532,0.94028,0.94072,3.23,4.35
2011.05.20 09:14:12.859,0.94028,0.94072,2.48,4.35
2011.05.20 09:14:13.079,0.94028,0.94072,3.23,4.35
2011.05.20 09:14:14.810,0.94029,0.94072,2.25,4.35
2011.05.20 09:14:15.293,0.94026,0.94065,2.25,1.50
2011.05.20 09:14:15.871,0.94025,0.94065,2.25,1.50
2011.05.20 09:14:16.201,0.94022,0.94062,2.63,2.10
2011.05.20 09:14:16.421,0.94021,0.94062,2.25,2.10
2011.05.20 09:14:16.752,0.94021,0.94062,2.63,3.08
2011.05.20 09:14:17.192,0.94024,0.94065,2.25,1.50
2011.05.20 09:14:17.804,0.9402,0.94062,2.63,2.10
2011.05.20 09:14:19.710,0.94022,0.94065,3.98,3.00
2011.05.20 09:14:20.260,0.94025,0.94067,2.48,3.00
2011.05.20 09:14:22.692,0.94027,0.94068,1.13,2.85
2011.05.20 09:14:22.802,0.94023,0.94067,2.63,3.08
2011.05.20 09:14:22.911,0.94027,0.94067,1.13,1.35
2011.05.20 09:14:23.459,0.94026,0.94068,3.23,1.35
2011.05.20 09:14:24.411,0.94034,0.94074,3.23,1.13
2011.05.20 09:14:26.310,0.94034,0.94077,3.23,3.00
2011.05.20 09:14:26.641,0.94032,0.94071,2.25,2.25
2011.05.20 09:14:26.751,0.94027,0.94069,2.48,1.50
2011.05.20 09:14:27.301,0.94027,0.94065,2.25,1.50
2011.05.20 09:14:27.932,0.94028,0.94065,2.10,1.50
2011.05.20 09:14:28.270,0.94028,0.94061,2.10,2.25
2011.05.20 09:14:28.771,0.94019,0.94062,2.85,2.25
2011.05.20 09:14:28.990,0.94019,0.94062,2.85,2.25
2011.05.20 09:14:29.210,0.94019,0.94062,2.85,2.25
2011.05.20 09:14:30.200,0.94018,0.94061,3.08,2.25
2011.05.20 09:14:30.750,0.9402,0.94064,2.25,1.35
2011.05.20 09:14:32.470,0.94019,0.94064,2.85,3.60
2011.05.20 09:14:33.020,0.9402,0.94063,2.25,2.25
2011.05.20 09:14:33.579,0.94021,0.94064,2.25,4.35
2011.05.20 09:14:33.910,0.94017,0.94052,2.70,2.25
2011.05.20 09:14:34.021,0.94017,0.94042,2.10,2.25
2011.05.20 09:14:34.455,0.93997,0.94042,4.73,2.25
2011.05.20 09:14:35.881,0.93997,0.94039,3.23,2.63
2011.05.20 09:14:36.210,0.93998,0.9404,2.25,1.35
2011.05.20 09:14:36.841,0.93997,0.94038,2.48,2.25
2011.05.20 09:14:37.861,0.93997,0.94038,2.48,2.25
2011.05.20 09:14:39.242,0.93992,0.94036,1.73,3.23
2011.05.20 09:14:41.570,0.93991,0.94031,1.35,2.25
2011.05.20 09:14:42.851,0.93991,0.94026,2.10,2.25
2011.05.20 09:14:43.070,0.93991,0.94029,2.10,2.25
2011.05.20 09:14:43.180,0.93997,0.94029,2.48,2.25
2011.05.20 09:14:43.511,0.93991,0.94028,1.73,2.25
2011.05.20 09:14:44.232,0.93991,0.94032,1.13,3.23
2011.05.20 09:14:44.451,0.9399,0.94032,1.35,2.70
2011.05.20 09:14:44.907,0.93988,0.94032,3.08,2.63
2011.05.20 09:14:45.230,0.93991,0.94032,1.35,3.23
2011.05.20 09:14:45.780,0.93991,0.94034,3.23,1.35
2011.05.20 09:14:46.110,0.93992,0.94036,1.35,3.23
2011.05.20 09:14:46.660,0.93995,0.94036,1.35,2.63
2011.05.20 09:14:46.771,0.94002,0.94039,2.63,3.23
2011.05.20 09:14:47.099,0.94005,0.94044,2.25,2.85
2011.05.20 09:14:47.319,0.93998,0.94044,5.70,4.13
2011.05.20 09:14:48.870,0.94005,0.94044,2.25,3.60
2011.05.20 09:14:50.250,0.94002,0.94044,2.63,3.60
2011.05.20 09:14:53.873,0.94008,0.94044,2.25,3.60
2011.05.20 09:14:54.410,0.94012,0.94044,2.25,1.13
2011.05.20 09:14:54.630,0.94012,0.94049,2.63,1.73
2011.05.20 09:14:54.960,0.94016,0.94051,2.25,2.48
2011.05.20 09:14:55.070,0.94009,0.94053,3.23,2.10
2011.05.20 09:14:55.742,0.9401,0.94055,1.35,2.25
2011.05.20 09:14:56.070,0.94011,0.94054,2.63,2.25
2011.05.20 09:14:58.163,0.9401,0.94053,3.60,2.25
2011.05.20 09:14:58.490,0.94003,0.9405,3.60,2.25
2011.05.20 09:14:58.711,0.94003,0.94046,3.23,2.25
2011.05.20 09:15:02.591,0.94008,0.94048,2.25,1.13
2011.05.20 09:15:02.812,0.94002,0.94045,3.38,4.13
2011.05.20 09:15:03.150,0.94004,0.94045,1.13,1.88
2011.05.20 09:15:03.259,0.94001,0.94044,1.13,1.13
2011.05.20 09:15:03.810,0.94002,0.94043,1.13,2.25
2011.05.20 09:15:04.140,0.94004,0.94041,1.13,3.23
2011.05.20 09:15:04.716,0.94004,0.94044,1.13,1.35
2011.05.20 09:15:07.763,0.94001,0.94042,1.13,2.25
2011.05.20 09:15:07.980,0.94004,0.94042,1.13,2.25
2011.05.20 09:15:08.312,0.94001,0.94044,1.13,2.63
2011.05.20 09:15:08.640,0.94006,0.94045,2.63,2.48
2011.05.20 09:15:08.750,0.94006,0.94045,3.23,2.63
2011.05.20 09:15:09.081,0.94006,0.94045,1.73,2.63
2011.05.20 09:15:09.740,0.94003,0.94046,2.48,3.00
2011.05.20 09:15:09.850,0.94002,0.94046,1.73,2.25
2011.05.20 09:15:10.449,0.94005,0.94043,1.13,2.63
2011.05.20 09:15:11.249,0.94002,0.94043,1.73,2.63
2011.05.20 09:15:13.440,0.94005,0.94042,1.13,2.25
2011.05.20 09:15:13.991,0.94005,0.94039,1.13,2.63
2011.05.20 09:15:17.542,0.94004,0.94038,1.13,2.25
2011.05.20 09:15:17.762,0.94004,0.94039,1.13,2.63
2011.05.20 09:15:22.791,0.94002,0.94042,1.13,4.73
2011.05.20 09:15:23.121,0.94001,0.94041,1.13,2.25
2011.05.20 09:15:23.452,0.93998,0.94042,3.08,3.23
2011.05.20 09:15:23.669,0.93998,0.94043,3.08,3.23
2011.05.20 09:15:24.551,0.94001,0.94043,1.13,2.25
2011.05.20 09:15:24.922,0.93997,0.94041,3.08,2.85
2011.05.20 09:15:25.469,0.93996,0.94039,1.73,2.25
2011.05.20 09:15:26.050,0.93992,0.94039,3.60,3.38
2011.05.20 09:15:26.270,0.93992,0.94037,3.23,2.25
2011.05.20 09:15:26.601,0.93991,0.94031,2.25,1.50
2011.05.20 09:15:27.161,0.93987,0.9403,3.23,2.25
2011.05.20 09:15:27.691,0.93982,0.94028,4.35,2.63
2011.05.20 09:15:28.609,0.93986,0.94029,1.73,2.63
2011.05.20 09:15:29.452,0.93986,0.94024,1.35,2.25
2011.05.20 09:15:30.000,0.93986,0.94024,1.35,2.25
2011.05.20 09:15:30.830,0.93981,0.94024,1.73,3.75
2011.05.20 09:15:31.270,0.93981,0.94024,1.73,3.38
2011.05.20 09:15:31.490,0.93982,0.94024,3.23,1.50
2011.05.20 09:15:34.232,0.93986,0.94026,1.35,3.60
2011.05.20 09:15:35.562,0.93983,0.94026,3.23,3.60
2011.05.20 09:15:36.713,0.93986,0.94026,1.35,1.35
2011.05.20 09:15:38.250,0.93986,0.94026,1.35,3.60
2011.05.20 09:15:38.471,0.93988,0.94028,2.48,1.73
2011.05.20 09:15:38.691,0.93988,0.9403,3.08,2.63
2011.05.20 09:15:38.911,0.93991,0.94035,1.35,3.23
2011.05.20 09:15:39.021,0.93998,0.94038,2.70,3.00
2011.05.20 09:15:39.132,0.93999,0.94042,3.23,3.08
2011.05.20 09:15:39.351,0.94001,0.94044,3.60,3.23
2011.05.20 09:15:39.681,0.94004,0.94047,3.60,2.63
2011.05.20 09:15:40.011,0.94007,0.9405,3.23,5.48
2011.05.20 09:15:40.120,0.94016,0.9405,2.25,3.23
2011.05.20 09:15:41.261,0.9402,0.94053,2.25,2.48
2011.05.20 09:15:41.783,0.94013,0.94053,1.35,2.63
2011.05.20 09:15:43.280,0.94013,0.94056,3.60,3.60
2011.05.20 09:15:44.261,0.94007,0.94051,1.73,2.25
2011.05.20 09:15:44.592,0.94006,0.94048,1.35,2.85
2011.05.20 09:15:49.300,0.94002,0.94047,3.60,4.35
2011.05.20 09:15:51.652,0.93998,0.94043,4.95,2.85
2011.05.20 09:15:53.200,0.94003,0.94043,2.25,2.70
2011.05.20 09:15:55.142,0.94003,0.94042,2.25,1.13
2011.05.20 09:15:55.250,0.94003,0.94043,2.25,4.21
2011.05.20 09:15:55.471,0.94005,0.94044,2.25,3.00
2011.05.20 09:15:55.580,0.93999,0.94042,3.23,3.23
2011.05.20 09:15:55.801,0.93999,0.94041,2.25,2.25
2011.05.20 09:15:55.910,0.93997,0.94041,4.35,2.25
2011.05.20 09:15:57.390,0.93997,0.94038,2.63,1.13
2011.05.20 09:15:59.233,0.93997,0.9404,3.38,3.23
2011.05.20 09:15:59.451,0.94001,0.94042,3.23,3.23
2011.05.20 09:16:01.160,0.94001,0.94043,3.23,1.35
2011.05.20 09:16:03.280,0.94,0.94043,3.23,1.35
2011.05.20 09:16:04.602,0.94004,0.94048,3.23,1.35
2011.05.20 09:16:04.711,0.94008,0.9405,3.23,3.23
2011.05.20 09:16:05.380,0.94008,0.94052,5.33,3.45
2011.05.20 09:16:05.930,0.94009,0.94052,3.00,2.25
2011.05.20 09:16:06.261,0.94007,0.9405,3.23,2.25
2011.05.20 09:16:06.370,0.94007,0.9405,5.33,2.25
2011.05.20 09:16:06.480,0.94007,0.9405,4.95,2.25
2011.05.20 09:16:07.191,0.94003,0.94047,3.23,1.50
2011.05.20 09:16:07.741,0.93999,0.94042,2.63,2.25
2011.05.20 09:16:08.181,0.94001,0.94042,5.10,2.48
2011.05.20 09:16:08.401,0.94007,0.94046,1.35,3.00
2011.05.20 09:16:08.510,0.94007,0.94046,1.73,2.63
2011.05.20 09:16:09.840,0.9401,0.94048,3.38,1.35
2011.05.20 09:16:11.070,0.94009,0.94048,1.13,1.35
2011.05.20 09:16:11.582,0.94008,0.94048,2.63,1.35
2011.05.20 09:16:11.690,0.94008,0.94052,2.25,2.85
2011.05.20 09:16:11.910,0.94004,0.94047,3.38,3.75
2011.05.20 09:16:12.241,0.94007,0.94047,1.73,3.00
2011.05.20 09:16:12.460,0.94007,0.94047,1.73,3.00
2011.05.20 09:16:13.010,0.94007,0.9405,3.08,3.60
2011.05.20 09:16:13.341,0.94012,0.94056,1.73,3.00
2011.05.20 09:16:14.340,0.94016,0.94057,1.35,2.85
2011.05.20 09:16:14.890,0.94019,0.94063,3.23,1.35
2011.05.20 09:16:17.110,0.94022,0.94063,2.63,1.35
2011.05.20 09:16:18.031,0.94019,0.94062,3.23,2.25
2011.05.20 09:16:23.771,0.94023,0.94065,3.23,1.35
2011.05.20 09:16:23.991,0.94019,0.94062,2.48,2.10
2011.05.20 09:16:25.911,0.94019,0.94062,2.85,2.10
2011.05.20 09:16:29.191,0.94028,0.94065,2.25,1.35
2011.05.20 09:16:29.520,0.94023,0.94065,3.23,1.35
2011.05.20 09:16:29.800,0.94029,0.94065,2.25,1.35
2011.05.20 09:16:30.380,0.94026,0.94065,2.25,1.35
2011.05.20 09:16:30.998,0.94023,0.94065,3.23,1.35
2011.05.20 09:16:31.110,0.94028,0.94065,2.25,1.35
2011.05.20 09:16:31.940,0.94028,0.94065,2.25,1.35
2011.05.20 09:16:32.160,0.94026,0.94068,2.25,1.35
2011.05.20 09:16:32.271,0.94026,0.94067,2.25,2.25
2011.05.20 09:16:32.820,0.94022,0.94067,3.98,3.23
2011.05.20 09:16:35.392,0.94027,0.94069,2.10,5.25
2011.05.20 09:16:35.721,0.94022,0.94064,2.25,2.25
2011.05.20 09:16:35.832,0.9402,0.94063,2.25,2.25
2011.05.20 09:16:36.270,0.94017,0.94061,3.08,2.25
2011.05.20 09:16:38.133,0.94016,0.94061,3.23,2.25
2011.05.20 09:16:38.242,0.94016,0.94061,3.23,2.25
2011.05.20 09:16:39.403,0.94017,0.94061,3.08,2.25
2011.05.20 09:16:39.512,0.94018,0.94061,3.45,2.63
2011.05.20 09:16:40.060,0.94018,0.94063,5.70,2.63
2011.05.20 09:16:41.260,0.94018,0.94064,3.08,1.35
2011.05.20 09:16:41.810,0.94018,0.94063,3.60,5.86
2011.05.20 09:16:42.710,0.9402,0.94062,2.25,3.60
2011.05.20 09:16:42.931,0.94017,0.94061,1.35,2.85
2011.05.20 09:16:43.260,0.94019,0.94062,3.60,2.70
2011.05.20 09:16:46.242,0.9402,0.94062,3.23,2.70
2011.05.20 09:16:46.791,0.94018,0.9406,3.08,2.25
2011.05.20 09:16:47.122,0.94018,0.9406,3.08,2.63
2011.05.20 09:16:48.370,0.94018,0.94059,3.08,1.13
2011.05.20 09:16:50.242,0.94016,0.94059,3.23,3.76
2011.05.20 09:16:50.461,0.94015,0.94059,3.23,2.25
2011.05.20 09:16:51.011,0.94013,0.94056,3.23,2.25
2011.05.20 09:16:52.240,0.94018,0.94056,2.25,2.25
2011.05.20 09:16:52.571,0.94011,0.94056,3.23,2.25
2011.05.20 09:16:53.092,0.94011,0.94056,3.23,3.23
2011.05.20 09:16:53.531,0.9401,0.94051,2.63,2.25
2011.05.20 09:16:54.191,0.94008,0.94051,2.48,2.25
2011.05.20 09:16:54.631,0.94008,0.94048,2.63,2.25
2011.05.20 09:16:55.634,0.9401,0.94052,2.63,4.95
2011.05.20 09:16:57.980,0.94008,0.94052,3.08,2.85
2011.05.20 09:16:58.201,0.94011,0.94052,2.63,3.08
2011.05.20 09:17:00.023,0.94011,0.94054,3.00,3.98
2011.05.20 09:17:00.241,0.94011,0.94054,3.23,4.35
2011.05.20 09:17:00.353,0.94014,0.94054,3.23,1.73
2011.05.20 09:17:02.253,0.94014,0.94054,3.23,2.10
2011.05.20 09:17:02.911,0.94014,0.94054,1.35,1.35
2011.05.20 09:17:03.131,0.94019,0.94058,2.63,1.13
2011.05.20 09:17:03.460,0.94017,0.94058,5.33,1.50
2011.05.20 09:17:03.790,0.94011,0.94058,2.63,1.35
2011.05.20 09:17:04.232,0.94008,0.94052,3.08,2.25
2011.05.20 09:17:07.170,0.94006,0.94052,2.63,3.23
2011.05.20 09:17:08.213,0.94005,0.9405,3.00,3.76
2011.05.20 09:17:08.760,0.94006,0.94049,2.63,2.25
2011.05.20 09:17:13.199,0.94006,0.94049,2.63,2.25
2011.05.20 09:17:13.600,0.94006,0.94049,2.63,1.13
2011.05.20 09:17:15.965,0.94006,0.9405,2.63,1.13
2011.05.20 09:17:19.423,0.94005,0.9405,3.00,2.63
2011.05.20 09:17:19.652,0.94005,0.9405,2.63,2.25
2011.05.20 09:17:21.161,0.94005,0.9405,3.60,2.25
2011.05.20 09:17:21.822,0.9401,0.94052,2.85,3.08
2011.05.20 09:17:26.241,0.94008,0.94051,2.63,2.25
2011.05.20 09:17:30.421,0.94008,0.9405,2.63,1.13
2011.05.20 09:17:31.071,0.94008,0.94051,2.63,2.63
2011.05.20 09:17:34.920,0.94005,0.9405,2.25,3.00
2011.05.20 09:17:35.251,0.94004,0.94044,1.35,2.63
2011.05.20 09:17:35.942,0.94006,0.94048,2.63,1.73
2011.05.20 09:17:40.082,0.94007,0.94049,2.63,1.13
2011.05.20 09:17:40.711,0.94007,0.94052,2.63,2.63
2011.05.20 09:17:41.472,0.94006,0.94053,2.63,5.10
2011.05.20 09:17:45.690,0.94008,0.94053,2.25,5.70
2011.05.20 09:17:45.800,0.94005,0.9405,2.63,2.25
2011.05.20 09:17:47.214,0.9401,0.94051,2.25,3.00
2011.05.20 09:17:47.870,0.94002,0.94047,2.63,2.25
2011.05.20 09:17:55.395,0.94003,0.94048,3.00,3.98
2011.05.20 09:17:55.833,0.94008,0.9405,3.23,3.23
2011.05.20 09:18:05.581,0.94009,0.94051,2.63,2.63
2011.05.20 09:18:17.190,0.94009,0.9405,2.63,1.13
2011.05.20 09:18:17.712,0.94008,0.94052,2.63,1.88
2011.05.20 09:18:18.283,0.94008,0.9405,2.63,1.13
2011.05.20 09:18:18.611,0.94007,0.9405,2.63,4.36
2011.05.20 09:18:18.721,0.94007,0.9405,2.63,2.63
2011.05.20 09:18:19.482,0.94007,0.9405,2.63,4.36
2011.05.20 09:18:20.621,0.94006,0.94051,2.63,2.63
2011.05.20 09:18:20.732,0.94006,0.9405,2.63,1.13
2011.05.20 09:18:20.840,0.94006,0.94051,2.63,2.63
2011.05.20 09:18:21.350,0.94006,0.9405,2.63,1.13
2011.05.20 09:18:21.822,0.94006,0.94051,2.63,2.63
2011.05.20 09:18:21.930,0.94006,0.94051,3.00,2.63
2011.05.20 09:18:22.489,0.94011,0.94054,2.63,4.36
2011.05.20 09:18:31.330,0.94011,0.94054,3.00,2.85
2011.05.20 09:18:31.441,0.94013,0.94056,2.63,3.60
2011.05.20 09:18:37.490,0.94013,0.94056,3.23,4.36
2011.05.20 09:18:37.711,0.9402,0.94059,1.35,3.00
2011.05.20 09:18:38.042,0.94022,0.94061,3.23,3.38
2011.05.20 09:18:38.591,0.9402,0.94061,3.60,1.13
2011.05.20 09:18:39.094,0.9402,0.94061,3.60,1.13
2011.05.20 09:18:40.335,0.94022,0.94064,2.63,1.35
2011.05.20 09:18:40.842,0.94022,0.94064,2.63,1.35
2011.05.20 09:18:42.280,0.94018,0.94059,3.45,3.60
2011.05.20 09:18:42.832,0.94022,0.94059,2.63,1.35
2011.05.20 09:18:45.402,0.94022,0.94063,2.25,1.13
2011.05.20 09:18:45.731,0.94021,0.94064,2.63,1.35
2011.05.20 09:18:48.088,0.94021,0.94064,2.63,1.35
2011.05.20 09:18:49.151,0.94018,0.94059,3.45,3.60
2011.05.20 09:18:49.480,0.94027,0.94064,2.63,1.35
2011.05.20 09:18:50.602,0.94027,0.94065,2.25,1.13
2011.05.20 09:18:51.170,0.94021,0.94065,3.60,1.13
2011.05.20 09:18:53.581,0.94032,0.94071,2.63,1.35
2011.05.20 09:18:53.691,0.94026,0.94067,3.23,1.13
2011.05.20 09:18:53.801,0.94028,0.94069,2.48,1.13
2011.05.20 09:18:54.351,0.94024,0.94067,3.23,3.23
2011.05.20 09:18:54.462,0.94021,0.94065,2.63,1.35
2011.05.20 09:18:54.791,0.94018,0.94063,3.23,3.00
2011.05.20 09:18:55.341,0.94017,0.94062,3.23,4.95
2011.05.20 09:18:55.451,0.94019,0.94062,1.35,5.33
2011.05.20 09:18:58.913,0.94025,0.94062,2.25,2.70
2011.05.20 09:19:00.310,0.94018,0.94062,5.33,2.70
2011.05.20 09:19:02.891,0.94024,0.94062,2.25,2.70
2011.05.20 09:19:03.250,0.94023,0.94062,4.50,2.70
2011.05.20 09:19:03.471,0.94021,0.94059,2.25,2.63
2011.05.20 09:19:03.581,0.94012,0.94055,2.63,2.25
2011.05.20 09:19:04.130,0.94018,0.94057,2.25,2.63
2011.05.20 09:19:04.392,0.94011,0.94054,3.38,2.63
2011.05.20 09:19:11.574,0.94015,0.94054,1.13,2.63
2011.05.20 09:19:11.722,0.94011,0.94054,3.38,2.63
2011.05.20 09:19:16.092,0.94017,0.94054,2.25,1.13
2011.05.20 09:19:18.511,0.94011,0.94054,1.13,1.13
2011.05.20 09:19:22.220,0.94013,0.94055,1.35,3.23
2011.05.20 09:19:22.551,0.94018,0.94061,3.60,3.23
2011.05.20 09:19:23.723,0.94026,0.94064,2.25,3.60
2011.05.20 09:19:24.500,0.9402,0.94064,2.63,1.88
2011.05.20 09:19:32.374,0.9402,0.94063,3.00,3.00
2011.05.20 09:19:32.479,0.9402,0.94063,2.25,4.36
2011.05.20 09:19:32.700,0.94019,0.94064,2.63,2.63
2011.05.20 09:19:34.430,0.94018,0.94062,3.23,2.25
2011.05.20 09:19:34.762,0.94017,0.94062,2.85,2.25
2011.05.20 09:19:38.411,0.94011,0.94057,3.38,4.13
2011.05.20 09:19:42.570,0.94013,0.94056,3.00,2.25
2011.05.20 09:19:47.710,0.94015,0.94058,3.23,2.25
2011.05.20 09:19:50.050,0.94014,0.94057,3.23,2.25
2011.05.20 09:19:52.876,0.94013,0.94056,2.63,2.25
2011.05.20 09:19:53.092,0.94013,0.94058,3.00,2.63
2011.05.20 09:19:55.240,0.94013,0.94058,2.63,2.63
2011.05.20 09:19:56.521,0.94011,0.9405,1.35,2.25
2011.05.20 09:19:57.070,0.94011,0.94052,1.35,2.63
2011.05.20 09:19:57.400,0.94012,0.94052,2.10,2.25
2011.05.20 09:19:57.731,0.94015,0.94054,1.35,2.25
2011.05.20 09:19:58.060,0.94017,0.94057,2.85,2.25
2011.05.20 09:20:01.850,0.94022,0.94058,2.63,1.35
2011.05.20 09:20:02.922,0.94022,0.94059,2.25,1.13
2011.05.20 09:20:03.253,0.94011,0.94052,3.00,1.88
2011.05.20 09:20:03.693,0.94007,0.94049,2.48,2.63
2011.05.20 09:20:04.022,0.94006,0.94046,2.25,1.50
2011.05.20 09:20:04.573,0.94,0.94045,3.23,2.25
2011.05.20 09:20:04.902,0.94,0.94043,2.63,1.13
2011.05.20 09:20:05.230,0.93999,0.9404,2.63,1.50
2011.05.20 09:20:06.221,0.93994,0.94035,2.85,2.25
2011.05.20 09:20:06.551,0.93996,0.94039,1.35,2.63
2011.05.20 09:20:07.100,0.93997,0.9404,3.23,2.63
2011.05.20 09:20:08.720,0.93997,0.94041,2.63,1.88
2011.05.20 09:20:10.932,0.93997,0.9404,2.63,2.25
2011.05.20 09:20:11.547,0.93997,0.9404,2.25,3.00
2011.05.20 09:20:12.090,0.93993,0.94038,3.23,3.00
2011.05.20 09:20:13.021,0.93995,0.94038,1.35,3.38
2011.05.20 09:20:13.351,0.93998,0.94039,3.45,1.13
2011.05.20 09:20:13.681,0.94001,0.94043,3.60,3.38
2011.05.20 09:20:14.011,0.94003,0.94043,3.23,2.25
2011.05.20 09:20:14.565,0.94003,0.94044,3.23,1.13
2011.05.20 09:20:15.641,0.94002,0.94044,3.23,1.13
2011.05.20 09:20:16.483,0.94009,0.9405,1.35,3.60
2011.05.20 09:20:17.472,0.94012,0.9405,3.00,1.35
2011.05.20 09:20:18.144,0.94014,0.9405,3.00,1.35
2011.05.20 09:20:18.252,0.94021,0.94057,1.35,2.25
2011.05.20 09:20:18.800,0.9402,0.94058,2.48,1.13
2011.05.20 09:20:19.021,0.94021,0.9406,1.35,2.25
2011.05.20 09:20:19.570,0.94021,0.94062,1.35,2.63
2011.05.20 09:20:23.221,0.94019,0.94064,3.23,3.75
2011.05.20 09:20:23.331,0.94019,0.94064,3.23,3.75
2011.05.20 09:20:24.211,0.94017,0.94062,5.48,2.25
2011.05.20 09:20:24.651,0.94019,0.9406,1.35,2.25
2011.05.20 09:20:28.002,0.94019,0.94062,1.35,5.86
2011.05.20 09:20:28.456,0.94018,0.94062,2.85,6.46
2011.05.20 09:20:28.564,0.94016,0.94059,3.23,1.13
2011.05.20 09:20:28.781,0.94018,0.94059,2.63,1.13
2011.05.20 09:20:29.002,0.94017,0.9406,3.60,2.25
2011.05.20 09:20:29.332,0.94017,0.94058,1.35,1.73
2011.05.20 09:20:29.661,0.94017,0.94058,1.35,1.73
2011.05.20 09:20:32.952,0.9402,0.94058,2.63,1.73
2011.05.20 09:20:33.292,0.9402,0.94058,3.00,1.35
2011.05.20 09:20:33.511,0.94023,0.94063,3.23,1.13
2011.05.20 09:20:34.060,0.94024,0.94063,3.23,1.13
2011.05.20 09:20:34.391,0.94024,0.94063,3.23,1.50
2011.05.20 09:20:35.382,0.9402,0.94063,2.63,2.85
2011.05.20 09:20:35.490,0.9402,0.94063,2.63,3.61
2011.05.20 09:20:36.311,0.94017,0.94062,4.73,2.63
2011.05.20 09:20:36.421,0.94016,0.94062,3.98,4.35
2011.05.20 09:20:36.940,0.94015,0.94054,1.35,2.63
2011.05.20 09:20:41.392,0.94017,0.9406,1.50,3.23
2011.05.20 09:20:42.276,0.94018,0.94062,5.33,3.45
2011.05.20 09:20:42.384,0.94014,0.9406,3.23,2.25
2011.05.20 09:20:43.941,0.94011,0.94057,3.98,2.25
2011.05.20 09:20:44.290,0.94011,0.94056,2.63,4.36
2011.05.20 09:20:45.233,0.94011,0.94055,2.63,1.13
2011.05.20 09:20:45.450,0.94011,0.94054,2.63,2.25
2011.05.20 09:20:45.561,0.94011,0.94054,2.63,2.85
2011.05.20 09:20:47.080,0.94011,0.94054,2.63,2.25
2011.05.20 09:20:47.330,0.94011,0.94054,2.63,2.25
2011.05.20 09:20:50.122,0.94011,0.94054,3.00,1.13
2011.05.20 09:20:50.797,0.94009,0.94051,1.35,2.25
2011.05.20 09:20:54.132,0.94017,0.94055,2.63,1.73
2011.05.20 09:20:54.604,0.94019,0.94055,3.00,1.35
2011.05.20 09:20:54.822,0.9402,0.94059,1.35,1.13
2011.05.20 09:20:54.932,0.94023,0.94062,1.35,2.10
2011.05.20 09:20:55.042,0.94023,0.94064,1.35,3.98
2011.05.20 09:20:55.811,0.94025,0.94067,2.63,1.35
2011.05.20 09:20:56.252,0.94029,0.94068,2.63,1.13
2011.05.20 09:20:58.903,0.94027,0.94068,5.10,1.13
2011.05.20 09:20:59.121,0.94027,0.94068,5.10,1.13
2011.05.20 09:20:59.341,0.94028,0.9407,2.85,2.85
2011.05.20 09:20:59.672,0.94034,0.94072,3.23,2.85
2011.05.20 09:20:59.782,0.94028,0.94067,3.45,2.63
2011.05.20 09:20:59.891,0.94028,0.94067,1.35,2.25
2011.05.20 09:21:00.308,0.94033,0.94073,2.63,1.35
2011.05.20 09:21:00.672,0.94029,0.94072,2.63,2.25
2011.05.20 09:21:01.300,0.94026,0.9407,3.00,1.88
2011.05.20 09:21:01.521,0.94028,0.94071,1.35,2.85
2011.05.20 09:21:02.901,0.94026,0.94069,1.50,2.63
2011.05.20 09:21:03.012,0.94025,0.94064,3.23,1.35
2011.05.20 09:21:03.342,0.94025,0.94066,1.35,3.23
2011.05.20 09:21:03.452,0.94022,0.94066,1.73,2.25
2011.05.20 09:21:03.672,0.94023,0.94068,3.00,2.63
2011.05.20 09:21:03.783,0.94023,0.94063,2.63,2.10
2011.05.20 09:21:09.222,0.9402,0.94062,3.60,2.10
2011.05.20 09:21:11.052,0.94021,0.94065,1.35,2.85
2011.05.20 09:21:11.161,0.94021,0.94066,3.60,2.63
2011.05.20 09:21:11.710,0.94021,0.94066,3.23,4.36
2011.05.20 09:21:12.770,0.9402,0.94059,1.35,3.00
2011.05.20 09:21:14.521,0.9402,0.94061,1.35,3.38
2011.05.20 09:21:15.161,0.9402,0.94058,1.35,2.25
2011.05.20 09:21:15.701,0.9402,0.94059,3.60,1.13
2011.05.20 09:21:16.251,0.94021,0.94059,3.23,1.13
2011.05.20 09:21:16.801,0.94019,0.94059,3.60,1.13
2011.05.20 09:21:17.350,0.94021,0.9406,3.23,1.13
2011.05.20 09:21:17.852,0.94023,0.94064,3.23,1.73
2011.05.20 09:21:19.731,0.94022,0.9406,1.35,2.63
2011.05.20 09:21:20.441,0.94022,0.9406,1.35,2.63
2011.05.20 09:21:20.721,0.94022,0.94059,1.35,2.25
2011.05.20 09:21:21.050,0.94024,0.94062,1.35,2.25
2011.05.20 09:21:21.271,0.94024,0.94062,1.35,2.25
2011.05.20 09:21:22.336,0.94032,0.94068,2.63,2.85
2011.05.20 09:21:32.801,0.94032,0.94073,1.13,1.73
2011.05.20 09:21:32.911,0.94032,0.94073,3.38,1.73
2011.05.20 09:21:47.832,0.94032,0.94073,1.13,1.73
2011.05.20 09:22:03.701,0.94028,0.94072,4.95,1.35
2011.05.20 09:22:04.031,0.94026,0.94069,2.63,2.25
2011.05.20 09:22:06.191,0.94023,0.9407,3.60,3.75
2011.05.20 09:22:06.411,0.94027,0.9407,4.73,4.50
2011.05.20 09:22:07.181,0.94023,0.94068,3.23,4.35
2011.05.20 09:22:07.291,0.94022,0.94064,1.13,1.50
2011.05.20 09:22:08.252,0.94018,0.94058,2.48,1.50
2011.05.20 09:22:09.923,0.94017,0.94058,1.50,2.10
2011.05.20 09:22:10.252,0.94033,0.94061,2.85,2.25
2011.05.20 09:22:10.361,0.94033,0.94063,2.85,2.10
2011.05.20 09:22:10.472,0.94033,0.94076,2.85,2.25
2011.05.20 09:22:10.890,0.94036,0.94079,2.85,3.00
2011.05.20 09:22:11.542,0.94036,0.94079,2.85,3.00
2011.05.20 09:22:12.421,0.94036,0.9408,2.85,1.35
2011.05.20 09:22:12.862,0.9404,0.9408,2.25,1.35
2011.05.20 09:22:13.080,0.94038,0.9408,2.85,1.35
2011.05.20 09:22:13.191,0.9404,0.9408,2.25,1.35
2011.05.20 09:22:13.521,0.94042,0.9408,2.25,1.35
2011.05.20 09:22:13.631,0.9404,0.9408,2.25,1.35
2011.05.20 09:22:14.143,0.94039,0.94084,2.25,3.60
2011.05.20 09:22:14.253,0.94041,0.94084,2.25,1.35
2011.05.20 09:22:14.792,0.94041,0.94085,2.25,1.35
2011.05.20 09:22:15.521,0.94042,0.94085,2.25,3.60
2011.05.20 09:22:15.672,0.9404,0.94085,2.25,3.60
2011.05.20 09:22:16.471,0.9404,0.94085,2.25,2.25
2011.05.20 09:22:17.415,0.9404,0.94085,3.00,2.25
2011.05.20 09:22:17.741,0.94039,0.94083,2.63,1.13
2011.05.20 09:22:17.960,0.94039,0.94083,3.00,2.70
2011.05.20 09:22:19.191,0.94039,0.94083,2.63,1.13
2011.05.20 09:22:19.851,0.94039,0.94083,3.00,3.08
2011.05.20 09:22:20.072,0.94044,0.94084,1.35,1.13
2011.05.20 09:22:20.292,0.94047,0.94089,3.00,1.73
2011.05.20 09:22:25.871,0.94054,0.94092,2.63,2.48
2011.05.20 09:22:26.200,0.94054,0.94092,2.63,2.48
2011.05.20 09:22:26.530,0.94054,0.94097,3.00,3.23
2011.05.20 09:22:26.750,0.94058,0.94099,3.08,3.38
2011.05.20 09:22:27.553,0.94058,0.94097,2.10,1.35
2011.05.20 09:22:27.661,0.94055,0.94093,2.25,2.10
2011.05.20 09:22:28.208,0.94049,0.94093,3.60,2.10
2011.05.20 09:22:28.925,0.94049,0.94093,3.23,2.10
2011.05.20 09:22:29.671,0.94049,0.94093,3.60,2.10
2011.05.20 09:22:33.052,0.94047,0.94089,2.48,2.63
2011.05.20 09:22:33.600,0.94044,0.94088,3.60,1.13
2011.05.20 09:22:40.580,0.94044,0.94088,3.23,1.13
2011.05.20 09:22:41.920,0.94044,0.94088,3.60,1.13
2011.05.20 09:22:43.112,0.94044,0.94088,3.60,1.13
2011.05.20 09:22:44.173,0.94044,0.94089,3.60,2.63
2011.05.20 09:22:44.391,0.94048,0.94089,2.63,1.73
2011.05.20 09:22:45.232,0.94048,0.9409,2.63,1.35
2011.05.20 09:22:46.064,0.94048,0.94091,2.63,1.50
2011.05.20 09:22:53.643,0.94048,0.94091,3.00,1.88
2011.05.20 09:22:53.751,0.94052,0.94092,1.35,3.23
2011.05.20 09:22:53.860,0.94049,0.94092,3.23,3.60
2011.05.20 09:22:54.631,0.94049,0.94091,2.25,2.25
2011.05.20 09:22:55.467,0.94046,0.94092,3.23,2.63
2011.05.20 09:22:56.157,0.94046,0.94092,4.35,2.25
2011.05.20 09:22:56.272,0.94051,0.94093,1.35,2.70
2011.05.20 09:22:56.381,0.9405,0.94092,1.35,2.85
2011.05.20 09:22:59.982,0.94048,0.94092,2.48,2.25
2011.05.20 09:23:09.702,0.94048,0.94093,2.63,6.45
2011.05.20 09:23:10.032,0.94046,0.9409,1.73,2.63
2011.05.20 09:23:13.781,0.94054,0.9409,2.25,1.35
2011.05.20 09:23:14.001,0.94052,0.9409,2.25,1.35
2011.05.20 09:23:14.112,0.94052,0.94088,2.25,1.35
2011.05.20 09:23:14.221,0.94052,0.94089,2.25,1.73
2011.05.20 09:23:14.551,0.94046,0.94089,3.23,1.73
2011.05.20 09:23:16.512,0.94048,0.94091,2.63,1.13
2011.05.20 09:23:19.622,0.94054,0.94092,2.25,2.10
2011.05.20 09:23:19.731,0.94054,0.94092,2.63,2.70
2011.05.20 09:23:19.843,0.94052,0.94092,1.35,2.10
2011.05.20 09:23:20.401,0.9405,0.94094,3.60,1.73
2011.05.20 09:23:21.192,0.9405,0.94095,3.60,2.85
2011.05.20 09:23:22.451,0.9405,0.94095,3.60,2.85
2011.05.20 09:23:24.993,0.94051,0.94095,1.35,4.36
2011.05.20 09:23:30.972,0.94051,0.94091,1.35,2.25
2011.05.20 09:23:31.192,0.94049,0.94092,3.60,6.60
2011.05.20 09:23:31.302,0.94049,0.9409,1.35,2.25
2011.05.20 09:23:31.631,0.94051,0.94092,1.35,2.25
2011.05.20 09:23:31.741,0.94048,0.94089,5.10,1.13
2011.05.20 09:23:31.853,0.94049,0.94089,1.35,2.25
2011.05.20 09:23:31.963,0.94049,0.94091,2.63,1.35
2011.05.20 09:23:32.181,0.94047,0.94089,1.50,2.25
2011.05.20 09:23:32.732,0.94048,0.94092,4.73,1.50
2011.05.20 09:23:33.951,0.94051,0.94091,1.35,2.63
2011.05.20 09:23:34.173,0.94055,0.94094,3.60,1.13
2011.05.20 09:23:34.502,0.94058,0.94099,2.85,1.73
2011.05.20 09:23:37.301,0.94058,0.941,2.85,2.25
2011.05.20 09:23:37.742,0.94058,0.941,2.48,2.63
2011.05.20 09:23:39.941,0.94056,0.94101,1.35,2.25
2011.05.20 09:23:40.721,0.94064,0.94102,2.25,4.13
2011.05.20 09:23:41.271,0.94063,0.94102,2.25,4.13
2011.05.20 09:23:48.400,0.9406,0.94102,3.00,3.60
2011.05.20 09:23:48.511,0.94058,0.94101,6.98,2.25
2011.05.20 09:23:50.761,0.94062,0.94102,2.25,1.50
2011.05.20 09:23:50.981,0.94055,0.94101,3.23,2.63
2011.05.20 09:23:51.491,0.94055,0.94098,3.23,2.85
2011.05.20 09:23:53.293,0.94055,0.94098,3.23,3.98
2011.05.20 09:23:54.107,0.94055,0.94098,3.23,2.85
2011.05.20 09:23:54.521,0.94055,0.94098,3.23,2.85
2011.05.20 09:23:55.041,0.94056,0.94094,1.35,1.13
2011.05.20 09:23:55.155,0.94054,0.94094,1.35,1.13
2011.05.20 09:23:55.704,0.94055,0.94094,3.60,1.13
2011.05.20 09:23:56.031,0.94054,0.94094,2.63,2.10
2011.05.20 09:23:57.680,0.94048,0.94091,3.23,2.25
2011.05.20 09:23:59.631,0.94046,0.9409,1.35,4.36
2011.05.20 09:23:59.742,0.94044,0.94086,2.63,2.63
2011.05.20 09:23:59.961,0.94041,0.94084,1.73,3.00
2011.05.20 09:24:00.292,0.94041,0.94083,1.35,3.23
2011.05.20 09:24:00.621,0.94041,0.94083,1.35,3.98
2011.05.20 09:24:02.822,0.94042,0.94084,1.35,1.73
2011.05.20 09:24:07.142,0.94041,0.94085,1.73,2.25
2011.05.20 09:24:07.863,0.94031,0.94076,3.23,2.25
2011.05.20 09:24:08.851,0.94035,0.94076,2.25,1.50
2011.05.20 09:24:09.401,0.94035,0.94076,2.25,1.50
2011.05.20 09:24:09.761,0.94032,0.94074,1.50,2.63
2011.05.20 09:24:09.981,0.94032,0.94075,1.50,2.25
2011.05.20 09:24:10.941,0.94031,0.94075,1.50,2.25
2011.05.20 09:24:12.452,0.94032,0.94076,3.00,2.48
2011.05.20 09:24:13.033,0.94033,0.94078,3.00,2.63
2011.05.20 09:24:14.231,0.94031,0.94078,1.73,2.25
2011.05.20 09:24:16.321,0.94031,0.94073,1.73,2.63
2011.05.20 09:24:16.771,0.94033,0.94076,3.00,2.25
2011.05.20 09:24:18.301,0.94033,0.94076,3.00,2.25
2011.05.20 09:24:19.992,0.9403,0.94074,1.35,1.50
2011.05.20 09:24:21.411,0.94028,0.94073,3.23,5.10
2011.05.20 09:24:22.204,0.9403,0.94072,1.35,2.25
2011.05.20 09:24:24.021,0.94029,0.94072,2.85,2.25
2011.05.20 09:24:24.243,0.94025,0.94067,1.35,2.25
2011.05.20 09:24:25.984,0.94026,0.94066,1.35,2.25
2011.05.20 09:24:26.311,0.94027,0.94066,2.10,2.25
2011.05.20 09:24:27.138,0.94027,0.94067,1.35,2.25
2011.05.20 09:24:27.722,0.94028,0.94067,2.48,2.25
2011.05.20 09:24:28.273,0.94029,0.94072,3.23,2.48
2011.05.20 09:24:28.382,0.9403,0.94072,1.35,2.48
2011.05.20 09:24:28.492,0.9403,0.94073,1.35,3.23
2011.05.20 09:24:28.883,0.94031,0.94073,1.35,3.38
2011.05.20 09:24:29.101,0.94031,0.94072,1.35,2.63
2011.05.20 09:24:30.521,0.94032,0.94073,1.73,1.13
2011.05.20 09:24:31.983,0.94032,0.94073,2.10,1.13
2011.05.20 09:24:32.311,0.94028,0.94073,2.48,4.73
2011.05.20 09:24:34.391,0.94033,0.94073,2.85,2.85
2011.05.20 09:24:34.832,0.94033,0.94073,2.25,2.10
2011.05.20 09:24:35.161,0.94028,0.94071,2.85,2.25
2011.05.20 09:24:35.711,0.94027,0.94071,1.35,2.63
2011.05.20 09:24:35.931,0.94032,0.94073,2.63,3.08
2011.05.20 09:24:36.481,0.94032,0.94072,1.13,2.63
2011.05.20 09:24:37.291,0.94031,0.94072,1.73,4.35
2011.05.20 09:24:37.512,0.94032,0.94072,1.50,2.63
2011.05.20 09:24:38.611,0.94032,0.94072,1.50,2.25
2011.05.20 09:24:38.941,0.94036,0.94075,1.35,2.63
2011.05.20 09:24:39.711,0.94036,0.94075,1.35,1.13
2011.05.20 09:24:39.931,0.94036,0.94076,1.35,2.63
2011.05.20 09:24:40.480,0.94036,0.94076,2.10,2.63
2011.05.20 09:24:40.682,0.94036,0.94076,1.35,3.38
2011.05.20 09:24:41.011,0.94041,0.94076,1.13,2.63
2011.05.20 09:24:41.293,0.94037,0.94076,1.50,3.38
2011.05.20 09:24:41.511,0.94042,0.94076,1.13,2.25
2011.05.20 09:24:42.080,0.94037,0.94076,1.50,3.00
2011.05.20 09:24:42.324,0.94037,0.94076,1.50,2.25
2011.05.20 09:24:42.542,0.94037,0.94076,1.50,3.00
2011.05.20 09:24:42.890,0.94036,0.94076,2.10,2.25
2011.05.20 09:24:43.391,0.94036,0.94077,2.10,3.00
2011.05.20 09:24:43.974,0.94036,0.94077,1.73,2.25
2011.05.20 09:24:45.351,0.94034,0.94077,1.35,2.25
2011.05.20 09:24:45.743,0.94036,0.94077,1.73,2.63
2011.05.20 09:24:45.851,0.94034,0.94077,1.35,2.25
2011.05.20 09:24:47.014,0.94034,0.94077,1.35,2.25
2011.05.20 09:24:47.661,0.94033,0.94077,1.35,2.25
2011.05.20 09:24:47.771,0.94033,0.94077,1.35,2.85
2011.05.20 09:24:48.202,0.94033,0.94075,1.35,2.85
2011.05.20 09:24:48.641,0.94037,0.94075,1.13,2.85
2011.05.20 09:24:48.751,0.94033,0.94075,1.35,2.85
2011.05.20 09:24:49.322,0.94033,0.94075,1.35,3.98
2011.05.20 09:24:49.433,0.94033,0.94075,1.35,1.73
2011.05.20 09:24:50.642,0.94038,0.94075,2.63,1.73
2011.05.20 09:24:50.863,0.9404,0.94075,2.25,1.73
2011.05.20 09:24:50.973,0.94037,0.94075,1.13,1.73
2011.05.20 09:24:51.481,0.94037,0.94077,1.13,2.85
2011.05.20 09:24:51.811,0.94033,0.94077,1.35,2.85
2011.05.20 09:24:51.922,0.94032,0.94077,3.23,2.85
2011.05.20 09:24:52.142,0.94031,0.94077,2.85,2.85
2011.05.20 09:24:52.252,0.94031,0.94072,2.25,2.10
2011.05.20 09:24:52.362,0.9403,0.94072,1.35,2.70
2011.05.20 09:24:52.581,0.94028,0.94072,3.23,3.08
2011.05.20 09:24:52.801,0.94029,0.94072,1.35,2.70
2011.05.20 09:24:53.832,0.9403,0.94072,3.23,2.70
2011.05.20 09:24:54.302,0.94031,0.94069,1.35,2.25
2011.05.20 09:24:54.522,0.94027,0.9407,1.73,2.63
2011.05.20 09:24:54.633,0.94025,0.94068,2.85,3.23
2011.05.20 09:24:54.743,0.94026,0.94069,1.73,1.73
2011.05.20 09:24:55.071,0.94026,0.94069,2.10,1.73
2011.05.20 09:24:55.402,0.94027,0.94069,1.35,3.60
2011.05.20 09:24:57.762,0.94031,0.94072,2.63,5.33
2011.05.20 09:24:58.714,0.94026,0.94069,3.23,2.85
2011.05.20 09:24:58.822,0.94026,0.94069,3.98,3.98
2011.05.20 09:24:59.522,0.94027,0.94069,1.73,2.85
2011.05.20 09:25:02.733,0.94027,0.94068,1.73,1.13
2011.05.20 09:25:03.474,0.94027,0.94069,1.73,4.36
2011.05.20 09:25:04.261,0.94027,0.94069,1.73,2.63
2011.05.20 09:25:04.481,0.9403,0.94069,1.13,5.85
2011.05.20 09:25:04.812,0.94031,0.94069,1.13,3.23
2011.05.20 09:25:06.012,0.94029,0.94072,2.63,1.50
2011.05.20 09:25:06.341,0.9403,0.94072,3.00,1.88
2011.05.20 09:25:19.211,0.94032,0.94075,3.38,4.36
2011.05.20 09:25:20.886,0.94035,0.94075,1.13,2.63
2011.05.20 09:25:20.992,0.94036,0.94075,1.13,2.25
2011.05.20 09:25:21.321,0.94041,0.94078,2.63,1.35
2011.05.20 09:25:22.171,0.94046,0.94078,2.25,1.35
2011.05.20 09:25:22.285,0.94047,0.94081,1.73,2.25
2011.05.20 09:25:22.392,0.94046,0.94081,2.10,2.25
2011.05.20 09:25:22.832,0.94046,0.94087,1.35,3.23
2011.05.20 09:25:23.491,0.94051,0.94088,2.63,1.35
2011.05.20 09:25:23.602,0.94051,0.94091,2.63,1.13
2011.05.20 09:25:25.233,0.94051,0.94093,2.63,4.21
2011.05.20 09:25:25.842,0.94052,0.94093,2.25,5.71
2011.05.20 09:25:26.438,0.94053,0.94093,2.25,5.71
2011.05.20 09:25:28.613,0.94053,0.94093,2.25,5.71
2011.05.20 09:25:29.292,0.94051,0.94093,2.63,5.71
2011.05.20 09:25:31.473,0.94052,0.94092,2.63,1.73
2011.05.20 09:25:31.745,0.94052,0.94093,2.63,5.71
2011.05.20 09:25:31.852,0.94052,0.94092,2.63,1.73
2011.05.20 09:25:31.961,0.94051,0.94093,2.63,3.98
2011.05.20 09:25:32.610,0.94053,0.94093,2.25,3.98
2011.05.20 09:25:34.411,0.94052,0.94093,2.63,3.98
2011.05.20 09:25:34.801,0.94052,0.94093,2.63,3.98
2011.05.20 09:25:35.131,0.94041,0.94082,2.25,2.10
2011.05.20 09:25:37.852,0.94041,0.94077,2.25,1.50
2011.05.20 09:25:42.702,0.94041,0.94077,2.25,1.50
2011.05.20 09:25:42.922,0.94036,0.94072,2.25,2.10
2011.05.20 09:25:43.032,0.94036,0.94072,2.25,2.48
2011.05.20 09:25:43.143,0.94031,0.94072,2.25,2.48
2011.05.20 09:25:44.703,0.94031,0.94072,2.25,3.08
2011.05.20 09:25:45.071,0.94033,0.94072,2.63,2.10
2011.05.20 09:25:45.621,0.94036,0.94072,2.25,2.10
2011.05.20 09:25:46.142,0.94036,0.94072,2.25,2.10
2011.05.20 09:25:47.191,0.94036,0.94072,2.25,2.10
2011.05.20 09:25:47.956,0.94029,0.94072,1.35,2.10
2011.05.20 09:25:48.065,0.94025,0.9407,3.60,3.23
2011.05.20 09:25:48.771,0.94027,0.9407,1.73,3.23
2011.05.20 09:25:50.806,0.94027,0.9407,1.73,2.85
2011.05.20 09:25:51.353,0.94026,0.9407,3.60,3.61
2011.05.20 09:25:51.462,0.94026,0.9407,4.35,2.85
2011.05.20 09:25:51.575,0.94034,0.94075,1.35,1.13
2011.05.20 09:25:52.014,0.94031,0.94073,3.00,2.10
2011.05.20 09:25:52.121,0.94031,0.94072,2.63,1.50
2011.05.20 09:25:52.558,0.94032,0.94073,1.35,2.70
2011.05.20 09:25:52.671,0.94038,0.94079,3.60,1.13
2011.05.20 09:25:53.332,0.94038,0.94079,3.60,1.13
2011.05.20 09:25:53.662,0.94038,0.94079,3.60,1.13
2011.05.20 09:25:53.881,0.94038,0.94079,3.60,1.13
2011.05.20 09:25:54.134,0.94038,0.94079,3.60,1.13
2011.05.20 09:25:54.463,0.94038,0.94079,3.60,1.13
2011.05.20 09:25:55.341,0.94038,0.94081,3.60,2.85
2011.05.20 09:25:56.064,0.94039,0.94082,3.00,4.95
2011.05.20 09:25:57.050,0.94039,0.94082,3.00,4.95
2011.05.20 09:25:57.564,0.94036,0.94077,2.63,2.63
2011.05.20 09:25:57.891,0.94036,0.94077,3.00,2.25
2011.05.20 09:25:58.427,0.94039,0.94078,1.35,1.13
2011.05.20 09:25:58.547,0.94035,0.94078,1.35,3.38
2011.05.20 09:25:58.774,0.94038,0.94079,1.35,1.13
2011.05.20 09:25:59.438,0.94038,0.94079,1.35,1.13
2011.05.20 09:25:59.552,0.94038,0.94079,1.35,1.13
2011.05.20 09:25:59.772,0.94038,0.94079,1.35,1.13
2011.05.20 09:25:59.993,0.94039,0.9408,1.35,1.35
2011.05.20 09:26:00.431,0.94042,0.94083,2.63,1.13
2011.05.20 09:26:01.730,0.94039,0.94081,1.35,2.85
2011.05.20 09:26:02.081,0.94038,0.94079,2.63,1.13
2011.05.20 09:26:02.773,0.94033,0.94078,3.60,2.85
2011.05.20 09:26:02.992,0.94029,0.94074,5.10,2.63
2011.05.20 09:26:04.231,0.94031,0.94074,3.00,4.50
2011.05.20 09:26:05.340,0.94031,0.94074,3.00,5.48
2011.05.20 09:26:05.451,0.94032,0.94074,1.35,3.98
2011.05.20 09:26:07.232,0.94032,0.94074,2.10,2.25
2011.05.20 09:26:08.431,0.94033,0.94074,1.35,1.35
2011.05.20 09:26:10.512,0.94041,0.9408,3.00,1.35
2011.05.20 09:26:11.203,0.94041,0.9408,3.00,1.35
2011.05.20 09:26:11.310,0.94041,0.94084,3.00,3.98
2011.05.20 09:26:12.731,0.94039,0.94082,3.60,2.48
2011.05.20 09:26:12.951,0.94041,0.94082,3.00,3.08
2011.05.20 09:26:14.321,0.94042,0.94082,1.50,3.08
2011.05.20 09:26:14.542,0.94038,0.9408,1.35,2.85
2011.05.20 09:26:15.931,0.94039,0.9408,1.35,1.35
2011.05.20 09:26:16.043,0.94042,0.94084,3.00,1.73
2011.05.20 09:26:16.261,0.94044,0.94085,1.35,3.00
2011.05.20 09:26:16.921,0.94046,0.94089,3.00,6.23
2011.05.20 09:26:17.142,0.94046,0.94089,3.00,4.50
2011.05.20 09:26:17.262,0.94046,0.94089,2.63,4.50
2011.05.20 09:26:17.371,0.94046,0.94089,2.63,3.98
2011.05.20 09:26:17.851,0.94046,0.94089,2.63,2.25
2011.05.20 09:26:20.263,0.94046,0.94089,3.00,2.25
2011.05.20 09:26:22.361,0.94045,0.9409,3.00,2.25
2011.05.20 09:26:23.992,0.94045,0.9409,3.00,2.63
2011.05.20 09:26:24.321,0.94052,0.94092,2.63,3.98
2011.05.20 09:26:24.431,0.94046,0.94088,3.00,2.10
2011.05.20 09:26:24.651,0.94043,0.94086,1.35,3.23
2011.05.20 09:26:26.304,0.94042,0.94083,3.00,2.48
2011.05.20 09:26:27.243,0.94042,0.94083,3.00,3.83
2011.05.20 09:26:27.572,0.94042,0.94083,3.00,2.48
2011.05.20 09:26:28.121,0.94042,0.94083,3.00,2.48
2011.05.20 09:26:28.952,0.94042,0.94083,3.00,2.48
2011.05.20 09:26:34.016,0.94042,0.94084,3.60,1.35
2011.05.20 09:26:34.563,0.94048,0.94087,3.45,3.38
2011.05.20 09:26:34.892,0.94053,0.94088,1.35,3.00
2011.05.20 09:26:35.002,0.94056,0.94092,1.35,2.25
2011.05.20 09:26:35.112,0.94056,0.94096,1.35,3.00
2011.05.20 09:26:36.124,0.94055,0.94096,3.60,1.13
2011.05.20 09:26:36.340,0.94055,0.94098,3.60,3.98
2011.05.20 09:26:36.484,0.94055,0.94098,3.60,2.85
2011.05.20 09:26:38.242,0.94055,0.94098,3.60,2.85
2011.05.20 09:26:38.813,0.94055,0.94098,3.23,4.36
2011.05.20 09:26:39.253,0.9405,0.94097,3.60,2.63
2011.05.20 09:26:39.363,0.94051,0.94095,1.35,2.25
2011.05.20 09:26:39.691,0.94055,0.94098,2.63,5.85
2011.05.20 09:26:40.223,0.94055,0.94098,3.00,1.73
2011.05.20 09:26:42.962,0.94058,0.941,3.00,1.13
2011.05.20 09:26:43.866,0.9406,0.941,2.48,1.13
2011.05.20 09:26:44.083,0.94064,0.94104,1.35,1.13
2011.05.20 09:26:44.413,0.94063,0.94107,1.35,2.63
2011.05.20 09:26:44.742,0.94065,0.94107,1.35,2.25
2011.05.20 09:26:45.711,0.94065,0.94107,1.35,2.63
2011.05.20 09:26:46.251,0.94066,0.94107,1.35,2.63
2011.05.20 09:26:46.964,0.94066,0.94107,1.35,2.25
2011.05.20 09:26:48.453,0.94066,0.94107,1.35,2.25
2011.05.20 09:26:49.633,0.94065,0.94106,1.35,2.25
2011.05.20 09:26:51.401,0.94065,0.94106,1.35,2.25
2011.05.20 09:26:51.982,0.94066,0.94106,1.35,2.25
2011.05.20 09:26:52.617,0.94067,0.94107,2.85,2.25
2011.05.20 09:26:53.502,0.94067,0.94107,2.85,3.00
2011.05.20 09:26:53.832,0.94067,0.94105,2.48,2.63
2011.05.20 09:26:54.053,0.9406,0.94105,3.23,3.38
2011.05.20 09:26:54.381,0.94059,0.94099,1.35,2.63
2011.05.20 09:26:55.141,0.94059,0.94099,1.35,2.63
2011.05.20 09:26:55.250,0.94059,0.94099,1.35,3.38
2011.05.20 09:26:56.201,0.9406,0.94099,1.35,3.00
2011.05.20 09:26:56.312,0.9406,0.94102,1.35,1.35
2011.05.20 09:26:56.421,0.9406,0.94103,1.35,3.98
2011.05.20 09:26:56.751,0.94059,0.94103,1.35,4.35
2011.05.20 09:26:59.054,0.94059,0.94099,1.35,2.25
2011.05.20 09:26:59.175,0.94059,0.94099,1.35,3.38
2011.05.20 09:27:02.644,0.94059,0.941,1.35,2.25
2011.05.20 09:27:02.871,0.94059,0.941,1.35,3.00
2011.05.20 09:27:03.693,0.94059,0.94099,1.35,2.63
2011.05.20 09:27:04.702,0.94061,0.94099,2.63,3.38
2011.05.20 09:27:04.922,0.94061,0.94099,2.63,1.73
2011.05.20 09:27:05.591,0.9406,0.941,3.00,2.10
2011.05.20 09:27:05.703,0.94061,0.94103,3.60,1.73
2011.05.20 09:27:06.154,0.94064,0.94103,1.35,1.35
2011.05.20 09:27:08.634,0.94062,0.94106,1.73,3.23
2011.05.20 09:27:09.182,0.94061,0.94104,3.23,2.25
2011.05.20 09:27:09.294,0.9406,0.94103,2.63,3.00
2011.05.20 09:27:09.402,0.94061,0.94103,1.35,3.00
2011.05.20 09:27:09.952,0.94061,0.94101,1.35,2.25
2011.05.20 09:27:14.112,0.94061,0.94101,1.35,2.85
2011.05.20 09:27:14.472,0.94061,0.94102,1.35,4.50
2011.05.20 09:27:14.691,0.94061,0.94102,1.35,2.85
2011.05.20 09:27:14.801,0.94059,0.94102,2.63,3.75
2011.05.20 09:27:14.912,0.94064,0.94099,1.35,2.25
2011.05.20 09:27:15.021,0.94064,0.94102,1.35,4.88
2011.05.20 09:27:15.131,0.94064,0.94102,1.35,2.63
2011.05.20 09:27:15.755,0.94064,0.94102,1.35,2.25
2011.05.20 09:27:16.353,0.94064,0.94104,1.35,1.35
2011.05.20 09:27:16.462,0.94066,0.94107,1.35,3.98
2011.05.20 09:27:17.031,0.94068,0.94109,2.85,3.98
2011.05.20 09:27:17.361,0.94068,0.94109,2.85,1.73
2011.05.20 09:27:17.471,0.94068,0.94106,2.48,2.25
2011.05.20 09:27:18.022,0.94068,0.94107,2.48,2.63
2011.05.20 09:27:19.192,0.94062,0.94106,1.35,2.25
2011.05.20 09:27:21.452,0.94062,0.94102,1.35,2.25
2011.05.20 09:27:23.953,0.94062,0.94102,1.35,2.25
2011.05.20 09:27:24.173,0.94058,0.94102,3.08,2.85
2011.05.20 09:27:24.503,0.9406,0.94102,1.35,5.33
2011.05.20 09:27:24.943,0.94059,0.94102,3.60,3.23
2011.05.20 09:27:25.605,0.94062,0.94103,3.60,1.35
2011.05.20 09:27:25.713,0.94062,0.94103,1.35,3.98
2011.05.20 09:27:26.263,0.94062,0.94104,1.35,2.25
2011.05.20 09:27:26.591,0.94064,0.94105,1.35,3.98
2011.05.20 09:27:27.295,0.94064,0.94105,1.35,3.23
2011.05.20 09:27:27.401,0.94066,0.94105,1.35,2.85
2011.05.20 09:27:27.951,0.94067,0.94105,2.85,1.35
2011.05.20 09:27:28.760,0.9407,0.94108,2.63,1.73
2011.05.20 09:27:29.560,0.94067,0.94108,2.48,2.63
2011.05.20 09:27:30.544,0.94069,0.94108,2.25,1.13
2011.05.20 09:27:33.382,0.94066,0.94108,2.85,1.50
2011.05.20 09:27:34.040,0.9406,0.94102,2.25,2.10
2011.05.20 09:27:34.154,0.94051,0.94092,2.25,2.10
2011.05.20 09:27:34.700,0.94047,0.94092,2.63,4.35
2011.05.20 09:27:34.811,0.94044,0.94089,3.23,2.85
2011.05.20 09:27:35.471,0.94043,0.94087,1.35,2.63
2011.05.20 09:27:36.644,0.94042,0.94087,3.23,3.00
2011.05.20 09:27:37.191,0.9404,0.94082,1.35,2.10
2011.05.20 09:27:38.238,0.94039,0.94082,3.23,2.10
2011.05.20 09:27:39.982,0.94038,0.94082,5.70,2.10
2011.05.20 09:27:40.094,0.94036,0.94082,3.23,4.35
2011.05.20 09:27:40.532,0.94039,0.94079,1.35,2.63
2011.05.20 09:27:41.143,0.94035,0.94079,2.85,2.63
2011.05.20 09:27:41.750,0.94034,0.94079,3.60,3.38
2011.05.20 09:27:43.401,0.94035,0.94079,3.00,1.13
2011.05.20 09:27:43.512,0.94036,0.94079,2.63,3.98
2011.05.20 09:27:43.952,0.94039,0.94079,3.00,1.73
2011.05.20 09:27:44.562,0.94038,0.94082,2.48,7.95
2011.05.20 09:27:45.001,0.94039,0.94082,2.63,6.23
2011.05.20 09:27:47.242,0.94037,0.94082,4.73,3.75
2011.05.20 09:27:47.462,0.94037,0.94082,3.00,3.75
2011.05.20 09:27:48.343,0.94039,0.94081,1.35,2.85
2011.05.20 09:27:48.803,0.94038,0.94082,5.33,2.10
2011.05.20 09:27:49.486,0.9404,0.94082,2.63,1.35
2011.05.20 09:27:52.351,0.94043,0.94082,2.63,1.35
2011.05.20 09:27:53.441,0.94043,0.94083,2.63,1.35
2011.05.20 09:27:56.022,0.94044,0.94088,2.63,2.85
2011.05.20 09:27:59.031,0.94041,0.94087,3.75,2.25
2011.05.20 09:28:05.311,0.94044,0.94088,1.35,4.36
2011.05.20 09:28:10.654,0.94047,0.94088,1.13,3.98
2011.05.20 09:28:12.266,0.94048,0.94088,2.63,1.73
2011.05.20 09:28:14.231,0.94048,0.94088,2.63,1.73
2011.05.20 09:28:20.153,0.94048,0.94088,3.00,1.35
2011.05.20 09:28:20.482,0.94053,0.94094,1.35,1.73
2011.05.20 09:28:21.862,0.94055,0.94098,2.63,3.98
2011.05.20 09:28:22.408,0.94055,0.94098,2.63,2.63
2011.05.20 09:28:22.851,0.94052,0.94093,2.63,3.75
2011.05.20 09:28:23.404,0.94049,0.94087,1.35,2.63
2011.05.20 09:28:23.733,0.94052,0.94087,1.35,2.25
2011.05.20 09:28:24.982,0.94052,0.94092,1.35,3.00
2011.05.20 09:28:25.422,0.94052,0.94092,1.35,2.25
2011.05.20 09:28:25.533,0.94054,0.94093,1.35,1.35
2011.05.20 09:28:36.655,0.94048,0.94093,5.10,3.23
2011.05.20 09:28:36.871,0.94047,0.94092,5.10,2.25
2011.05.20 09:28:37.341,0.94051,0.94093,1.35,2.63
2011.05.20 09:28:38.662,0.94051,0.94093,1.35,2.63
2011.05.20 09:28:39.322,0.94051,0.94093,1.35,2.63
2011.05.20 09:28:41.973,0.94055,0.94095,1.35,1.35
2011.05.20 09:28:42.551,0.94055,0.94095,1.35,1.35
2011.05.20 09:28:46.792,0.94052,0.94093,1.35,3.38
2011.05.20 09:28:48.801,0.94052,0.94093,1.35,2.63
2011.05.20 09:28:49.663,0.94052,0.94092,1.35,3.00
2011.05.20 09:28:51.114,0.94052,0.94088,1.35,2.25
2011.05.20 09:28:51.673,0.94052,0.94089,1.35,3.00
2011.05.20 09:28:52.241,0.94052,0.94087,1.35,2.25
2011.05.20 09:28:54.022,0.94052,0.94087,1.35,2.25
2011.05.20 09:28:54.707,0.94052,0.94092,1.35,3.00
2011.05.20 09:28:58.201,0.94051,0.94092,1.35,3.38
2011.05.20 09:29:00.032,0.94051,0.94092,1.35,2.63
2011.05.20 09:29:01.078,0.94051,0.94092,1.35,2.63
2011.05.20 09:29:01.411,0.94051,0.94088,1.35,2.25
2011.05.20 09:29:29.762,0.94051,0.94092,1.35,3.38
2011.05.20 09:29:33.561,0.94051,0.94092,1.35,2.63
2011.05.20 09:29:33.683,0.94051,0.94092,1.35,3.38
2011.05.20 09:29:33.865,0.94051,0.94092,1.35,2.63
2011.05.20 09:29:33.973,0.94051,0.94092,1.35,3.38
2011.05.20 09:29:34.301,0.94051,0.94088,1.35,3.00
2011.05.20 09:29:37.641,0.94051,0.94088,1.35,2.25
2011.05.20 09:29:37.753,0.94048,0.94082,2.10,2.25
2011.05.20 09:29:37.862,0.94043,0.94081,1.35,2.25
2011.05.20 09:29:37.972,0.94051,0.94083,1.35,2.10
2011.05.20 09:29:38.083,0.94051,0.94085,1.35,2.25
2011.05.20 09:29:40.874,0.94048,0.94085,3.08,2.25
2011.05.20 09:29:41.532,0.94046,0.94084,1.35,2.25
2011.05.20 09:29:41.643,0.94042,0.94084,1.35,2.63
2011.05.20 09:29:42.754,0.94039,0.94081,1.35,2.85
2011.05.20 09:29:43.329,0.94041,0.94079,1.35,2.25
2011.05.20 09:29:43.425,0.94034,0.94079,3.60,4.50
2011.05.20 09:29:44.501,0.94037,0.94079,3.00,3.23
2011.05.20 09:29:44.831,0.94039,0.94083,3.23,4.36
2011.05.20 09:29:45.052,0.94034,0.94079,3.23,4.36
2011.05.20 09:29:45.602,0.94035,0.94079,1.35,3.00
2011.05.20 09:29:46.152,0.94035,0.94074,1.35,1.13
2011.05.20 09:29:46.372,0.94035,0.94074,1.35,1.13
2011.05.20 09:29:47.772,0.94033,0.94074,2.63,1.73
2011.05.20 09:29:47.991,0.94034,0.94074,2.63,2.10
2011.05.20 09:29:48.762,0.94027,0.94072,3.08,2.85
2011.05.20 09:29:49.311,0.94027,0.94072,2.63,6.23
2011.05.20 09:29:49.422,0.94026,0.94071,3.00,2.25
2011.05.20 09:29:49.972,0.94028,0.94071,2.48,3.23
2011.05.20 09:29:56.922,0.94026,0.94071,2.63,3.00
2011.05.20 09:29:58.182,0.94023,0.94064,2.63,1.50
2011.05.20 09:30:00.611,0.94023,0.94064,2.63,1.50
2011.05.20 09:30:00.832,0.94018,0.94064,3.45,1.88
2011.05.20 09:30:01.374,0.94019,0.94063,2.63,2.25
2011.05.20 09:30:02.381,0.94021,0.94062,2.63,2.10
2011.05.20 09:30:03.034,0.94021,0.94062,2.63,3.08
2011.05.20 09:30:13.952,0.94018,0.94058,3.08,2.63
2011.05.20 09:30:14.324,0.94018,0.94058,3.08,2.63
2011.05.20 09:30:17.101,0.94011,0.94057,3.60,2.25
2011.05.20 09:30:17.212,0.94018,0.94057,2.85,2.25
2011.05.20 09:30:17.733,0.94018,0.94057,2.48,2.63
2011.05.20 09:30:18.961,0.94018,0.94061,4.35,1.35
2011.05.20 09:30:19.182,0.94018,0.94053,2.10,1.13
2011.05.20 09:30:19.292,0.94013,0.94055,2.25,1.88
2011.05.20 09:30:19.741,0.94013,0.94055,2.63,1.50
2011.05.20 09:30:19.848,0.94018,0.94058,3.23,1.13
2011.05.20 09:30:20.293,0.94018,0.94058,2.63,1.73
2011.05.20 09:30:26.334,0.94016,0.94055,1.13,2.63
2011.05.20 09:30:26.883,0.94018,0.94056,2.48,2.85
2011.05.20 09:30:28.661,0.94018,0.94056,2.10,2.85
2011.05.20 09:30:29.408,0.94012,0.94056,1.35,2.85
2011.05.20 09:30:29.743,0.94019,0.94056,2.63,2.85
2011.05.20 09:30:29.852,0.94017,0.94059,2.63,4.36
2011.05.20 09:30:30.521,0.94018,0.94056,2.48,2.85
2011.05.20 09:30:32.092,0.94011,0.94054,1.35,2.63
2011.05.20 09:30:34.502,0.94014,0.94054,1.35,2.25
2011.05.20 09:30:36.722,0.94014,0.94054,1.35,1.13
2011.05.20 09:30:38.929,0.94012,0.94055,2.10,2.63
2011.05.20 09:30:40.382,0.9401,0.94056,3.23,3.00
2011.05.20 09:30:44.982,0.94008,0.94049,2.48,2.25
2011.05.20 09:30:45.201,0.94007,0.94046,1.35,2.25
2011.05.20 09:30:45.312,0.94009,0.94048,1.35,1.13
2011.05.20 09:30:47.971,0.94008,0.94048,3.08,1.13
2011.05.20 09:30:48.301,0.94009,0.94048,1.35,1.13
2011.05.20 09:30:51.676,0.94008,0.94049,3.45,3.38
2011.05.20 09:30:52.153,0.94008,0.94048,3.45,2.25
2011.05.20 09:30:52.263,0.94008,0.94049,2.48,1.13
2011.05.20 09:30:59.703,0.94007,0.94048,2.85,2.63
2011.05.20 09:31:00.301,0.94007,0.94049,3.45,1.13
2011.05.20 09:31:01.962,0.94007,0.94049,3.08,1.50
2011.05.20 09:31:03.534,0.94003,0.94046,1.35,2.25
2011.05.20 09:31:06.732,0.94003,0.94046,1.35,2.63
2011.05.20 09:31:07.575,0.94003,0.94046,1.35,2.25
2011.05.20 09:31:09.183,0.94007,0.94046,1.35,3.00
2011.05.20 09:31:09.293,0.94008,0.94046,2.85,2.25
2011.05.20 09:31:09.402,0.94008,0.94049,2.85,3.60
2011.05.20 09:31:10.410,0.94008,0.94049,2.85,3.60
2011.05.20 09:31:11.242,0.94017,0.94054,2.25,3.98
2011.05.20 09:31:12.078,0.94007,0.94052,3.45,2.63
2011.05.20 09:31:16.862,0.94007,0.94049,3.45,1.35
2011.05.20 09:31:17.149,0.94007,0.94047,3.45,2.25
2011.05.20 09:31:17.591,0.94008,0.94045,2.48,2.25
2011.05.20 09:31:17.921,0.94008,0.94043,2.48,2.25
2011.05.20 09:31:23.844,0.94007,0.94043,2.48,3.00
2011.05.20 09:31:24.063,0.94002,0.94043,1.35,3.23
2011.05.20 09:31:24.392,0.94008,0.94042,2.48,2.25
2011.05.20 09:31:24.943,0.94007,0.94042,2.48,3.23
2011.05.20 09:31:25.163,0.94002,0.9404,2.10,2.25
2011.05.20 09:31:25.601,0.94002,0.9404,1.35,2.25
2011.05.20 09:31:28.214,0.94002,0.94042,1.35,3.23
2011.05.20 09:31:28.761,0.94004,0.94042,2.63,3.23
2011.05.20 09:31:30.822,0.94007,0.94043,3.83,1.13
2011.05.20 09:31:31.523,0.94004,0.94044,3.23,1.13
2011.05.20 09:31:33.053,0.94001,0.94042,1.50,2.25
2011.05.20 09:31:35.921,0.94001,0.94037,1.50,2.25
2011.05.20 09:31:36.863,0.94001,0.94035,1.50,2.25
2011.05.20 09:31:37.083,0.93988,0.94033,5.70,2.25
2011.05.20 09:31:37.413,0.93988,0.94029,3.45,2.63
2011.05.20 09:31:37.743,0.93988,0.94026,2.48,2.25
2011.05.20 09:31:38.513,0.93988,0.94022,2.48,2.63
2011.05.20 09:31:39.101,0.93988,0.94022,2.48,2.63
2011.05.20 09:31:39.443,0.93988,0.9402,2.10,2.25
2011.05.20 09:31:39.553,0.93982,0.9402,1.73,2.25
2011.05.20 09:31:39.662,0.93983,0.94018,1.35,2.25
2011.05.20 09:31:39.772,0.93988,0.94021,2.48,2.25
2011.05.20 09:31:43.842,0.93988,0.94023,2.48,1.13
2011.05.20 09:31:46.485,0.93987,0.94027,2.48,3.23
2011.05.20 09:31:46.592,0.93987,0.94027,2.85,3.23
2011.05.20 09:31:47.603,0.93992,0.9403,1.50,2.85
2011.05.20 09:31:47.932,0.93997,0.94037,1.50,2.25
2011.05.20 09:31:48.466,0.93999,0.94043,3.00,5.70
2011.05.20 09:31:48.681,0.93999,0.94043,2.25,5.70
2011.05.20 09:31:48.902,0.93991,0.94032,2.25,2.10
2011.05.20 09:31:49.013,0.9399,0.94032,3.60,2.48
2011.05.20 09:31:50.661,0.93992,0.94035,4.35,3.60
2011.05.20 09:31:52.245,0.93997,0.94035,1.13,1.35
2011.05.20 09:31:52.684,0.94,0.94037,1.13,3.23
2011.05.20 09:31:53.124,0.94,0.94038,1.13,2.63
2011.05.20 09:31:53.455,0.94006,0.94047,1.13,3.23
2011.05.20 09:31:54.084,0.94007,0.94048,1.13,1.35
2011.05.20 09:31:54.413,0.94007,0.9405,2.85,5.10
2011.05.20 09:31:54.522,0.94007,0.9405,2.85,5.10
2011.05.20 09:31:54.852,0.94005,0.94047,1.13,2.25
2011.05.20 09:31:55.511,0.94006,0.94047,1.13,2.25
2011.05.20 09:31:55.623,0.94005,0.94047,1.13,2.25
2011.05.20 09:31:55.952,0.94006,0.94045,1.13,2.25
2011.05.20 09:31:56.392,0.94006,0.94047,1.13,2.63
2011.05.20 09:31:57.491,0.94001,0.94046,3.75,2.25
2011.05.20 09:31:58.100,0.94002,0.94046,1.50,2.63
2011.05.20 09:31:58.532,0.94001,0.94046,4.35,2.25
2011.05.20 09:31:59.081,0.94006,0.94048,3.00,2.63
2011.05.20 09:31:59.953,0.94007,0.94048,1.13,3.23
2011.05.20 09:32:00.064,0.94013,0.9405,2.25,2.85
2011.05.20 09:32:00.284,0.94011,0.9405,2.25,2.85
2011.05.20 09:32:00.394,0.94011,0.94051,2.63,1.35
2011.05.20 09:32:00.942,0.94008,0.94047,3.45,2.63
2011.05.20 09:32:02.083,0.94011,0.94047,1.13,2.25
2011.05.20 09:32:02.412,0.94011,0.94052,1.13,3.23
2011.05.20 09:32:02.632,0.94011,0.94047,1.13,2.25
2011.05.20 09:32:05.693,0.94008,0.94048,3.45,3.60
2011.05.20 09:32:05.803,0.94003,0.94048,3.60,2.25
2011.05.20 09:32:06.242,0.94007,0.94042,1.13,2.63
2011.05.20 09:32:06.572,0.94006,0.94047,1.13,3.60
2011.05.20 09:32:07.874,0.94003,0.94046,3.98,2.25
2011.05.20 09:32:07.981,0.94003,0.94046,3.23,2.25
2011.05.20 09:32:10.611,0.94004,0.94047,2.25,3.23
2011.05.20 09:32:11.133,0.94003,0.94046,3.23,3.23
2011.05.20 09:32:12.217,0.94003,0.94043,1.35,1.13
2011.05.20 09:32:12.773,0.94005,0.94048,2.63,3.60
2011.05.20 09:32:13.212,0.94003,0.94047,1.35,2.25
2011.05.20 09:32:13.653,0.94007,0.94049,3.60,1.13
2011.05.20 09:32:17.876,0.94012,0.94054,1.50,3.23
2011.05.20 09:32:18.201,0.94012,0.94056,1.50,4.50
2011.05.20 09:32:18.421,0.94012,0.94054,1.13,2.85
2011.05.20 09:32:18.862,0.94013,0.94056,2.25,2.25
2011.05.20 09:32:18.972,0.94012,0.94049,1.13,2.63
2011.05.20 09:32:19.522,0.94008,0.94051,2.63,2.25
2011.05.20 09:32:19.742,0.94007,0.9405,3.45,2.25
2011.05.20 09:32:20.071,0.9401,0.94053,2.25,3.60
2011.05.20 09:32:20.181,0.94007,0.94051,5.70,2.25
2011.05.20 09:32:20.291,0.9401,0.94052,2.63,2.48
2011.05.20 09:32:20.402,0.9401,0.94053,3.00,6.08
2011.05.20 09:32:20.734,0.94018,0.94053,1.35,4.35
2011.05.20 09:32:21.175,0.94018,0.94055,1.35,2.25
2011.05.20 09:32:21.285,0.94018,0.94062,3.45,3.23
2011.05.20 09:32:21.393,0.9402,0.94062,1.13,2.25
2011.05.20 09:32:21.503,0.94018,0.94062,3.08,2.25
2011.05.20 09:32:21.722,0.94018,0.94063,1.35,4.35
2011.05.20 09:32:22.162,0.94018,0.94057,2.25,1.88
2011.05.20 09:32:22.492,0.94019,0.94062,3.00,3.23
2011.05.20 09:32:24.331,0.94022,0.94064,1.50,3.23
2011.05.20 09:32:27.617,0.94021,0.94064,3.00,3.23
2011.05.20 09:32:29.112,0.94022,0.94065,3.00,3.60
2011.05.20 09:32:29.222,0.94022,0.94065,2.63,2.85
2011.05.20 09:32:31.735,0.94028,0.94068,2.25,1.13
2011.05.20 09:32:32.323,0.94019,0.94065,3.00,3.23
2011.05.20 09:32:34.193,0.94017,0.94063,5.33,2.25
2011.05.20 09:32:34.522,0.94017,0.94061,1.13,2.25
2011.05.20 09:32:34.853,0.94023,0.94061,2.25,1.35
2011.05.20 09:32:35.181,0.9402,0.94061,4.88,1.35
2011.05.20 09:32:36.121,0.9402,0.94061,1.13,1.35
2011.05.20 09:32:36.671,0.94018,0.94061,3.00,3.23
2011.05.20 09:32:36.894,0.94017,0.94061,2.48,2.25
2011.05.20 09:32:37.003,0.94021,0.94065,2.25,1.35
2011.05.20 09:32:37.112,0.94016,0.9406,1.13,3.23
2011.05.20 09:32:37.442,0.94021,0.9406,2.25,1.35
2011.05.20 09:32:37.997,0.94019,0.94063,2.63,2.70
2011.05.20 09:32:38.713,0.94016,0.94061,1.50,2.25
2011.05.20 09:32:39.282,0.94014,0.9406,1.35,2.85
2011.05.20 09:32:40.545,0.94017,0.94061,1.13,3.23
2011.05.20 09:32:41.092,0.94021,0.94061,1.13,2.85
2011.05.20 09:32:41.313,0.94022,0.94062,1.13,3.23
2011.05.20 09:32:41.862,0.94023,0.94066,2.63,3.23
2011.05.20 09:32:43.124,0.94024,0.94066,3.00,1.35
2011.05.20 09:32:43.231,0.94024,0.94066,2.25,1.35
2011.05.20 09:32:43.343,0.94023,0.94066,1.13,3.60
2011.05.20 09:32:43.453,0.94022,0.94066,3.38,2.25
2011.05.20 09:32:43.965,0.94034,0.9407,2.25,1.35
2011.05.20 09:32:44.072,0.94027,0.9407,2.63,1.35
2011.05.20 09:32:44.622,0.94031,0.94071,1.13,3.23
2011.05.20 09:32:45.393,0.94031,0.94071,1.13,1.35
2011.05.20 09:32:47.213,0.94027,0.94067,1.13,2.25
2011.05.20 09:32:48.193,0.94027,0.94066,1.13,1.50
2011.05.20 09:32:48.809,0.94022,0.94066,3.75,1.50
2011.05.20 09:32:50.071,0.94027,0.94066,1.13,1.50
2011.05.20 09:32:51.444,0.94023,0.94066,3.00,1.50
2011.05.20 09:32:52.332,0.94021,0.94066,3.38,4.13
2011.05.20 09:32:52.441,0.94021,0.94066,3.75,4.13
2011.05.20 09:32:52.553,0.94021,0.94061,1.13,2.25
