2017.05.19 05:00:00.164,0.72772,0.72793,1.12,1.50
2017.05.19 05:00:01.030,0.72773,0.72793,1.87,1.00
2017.05.19 05:00:04.622,0.72771,0.72794,2.10,1.87
2017.05.19 05:00:05.309,0.72771,0.72794,1.75,1.87
2017.05.19 05:00:06.634,0.72772,0.72794,1.37,1.87
2017.05.19 05:00:10.737,0.72771,0.72793,2.25,1.12
2017.05.19 05:00:11.056,0.72769,0.72789,1.12,1.35
2017.05.19 05:00:11.107,0.72768,0.72788,1.12,1.00
2017.05.19 05:00:11.158,0.72765,0.72788,3.60,1.50
2017.05.19 05:00:11.208,0.72765,0.72788,3.60,1.87
2017.05.19 05:00:12.069,0.72766,0.72788,1.00,1.75
2017.05.19 05:00:12.271,0.72764,0.72787,1.50,2.62
2017.05.19 05:00:12.694,0.72766,0.72786,1.37,2.25
2017.05.19 05:00:14.104,0.72765,0.72786,1.00,1.50
2017.05.19 05:00:16.320,0.72765,0.72786,1.00,1.75
2017.05.19 05:00:24.955,0.72764,0.72785,1.00,2.25
2017.05.19 05:00:25.207,0.72762,0.72782,1.87,1.00
2017.05.19 05:00:29.458,0.72761,0.72781,1.12,1.12
2017.05.19 05:00:30.867,0.7276,0.7278,1.12,1.12
2017.05.19 05:00:31.205,0.72761,0.7278,1.00,1.12
2017.05.19 05:00:31.457,0.7276,0.72781,1.50,1.87
2017.05.19 05:00:31.785,0.72756,0.72779,1.72,2.25
2017.05.19 05:00:32.515,0.72755,0.72776,1.37,1.37
2017.05.19 05:00:33.977,0.72754,0.72775,2.62,1.00
2017.05.19 05:00:38.131,0.72755,0.72776,1.37,1.50
2017.05.19 05:00:38.461,0.72755,0.72774,1.12,1.00
2017.05.19 05:00:44.652,0.72755,0.72774,1.50,1.00
2017.05.19 05:00:44.803,0.72757,0.72777,1.37,1.00
2017.05.19 05:00:52.626,0.72755,0.72776,1.12,1.37
2017.05.19 05:00:52.828,0.72754,0.72775,1.50,1.12
2017.05.19 05:00:53.532,0.72754,0.72776,1.00,1.87
2017.05.19 05:00:55.331,0.72755,0.72776,1.00,1.12
2017.05.19 05:00:58.762,0.72754,0.72774,1.50,2.62
2017.05.19 05:00:59.503,0.72754,0.72772,1.12,1.00
2017.05.19 05:01:00.021,0.72754,0.72774,1.50,1.87
2017.05.19 05:01:04.125,0.72755,0.72774,1.00,1.87
2017.05.19 05:01:04.740,0.72753,0.72773,1.37,1.00
2017.05.19 05:01:05.315,0.72752,0.72773,1.12,1.50
2017.05.19 05:01:19.820,0.72752,0.72774,1.37,1.75
2017.05.19 05:01:20.444,0.72752,0.72773,1.00,1.12
2017.05.19 05:01:27.414,0.72752,0.72773,1.12,1.37
2017.05.19 05:01:31.825,0.72752,0.72773,1.00,1.12
2017.05.19 05:01:35.139,0.72752,0.72773,1.12,1.37
2017.05.19 05:01:35.989,0.72752,0.72773,1.37,1.12
2017.05.19 05:01:37.514,0.72752,0.72773,1.12,1.00
2017.05.19 05:01:39.901,0.72752,0.72774,1.37,2.47
2017.05.19 05:01:58.317,0.72755,0.72774,1.00,1.37
2017.05.19 05:01:58.711,0.72751,0.72774,1.75,1.72
2017.05.19 05:02:05.945,0.7275,0.72772,2.85,1.12
2017.05.19 05:02:06.994,0.7275,0.72771,1.87,1.37
2017.05.19 05:02:12.069,0.7275,0.72772,2.05,1.87
2017.05.19 05:02:13.118,0.72751,0.72771,1.00,1.37
2017.05.19 05:02:24.674,0.7275,0.72771,1.50,1.12
2017.05.19 05:02:36.157,0.7275,0.72772,2.25,1.12
2017.05.19 05:02:36.775,0.7275,0.72772,1.50,1.87
2017.05.19 05:02:47.031,0.7275,0.72774,1.12,1.75
2017.05.19 05:02:50.114,0.72751,0.72771,1.12,1.37
2017.05.19 05:02:51.784,0.7275,0.72773,2.25,1.87
2017.05.19 05:02:54.124,0.72751,0.72772,1.12,1.87
2017.05.19 05:02:58.849,0.7275,0.72773,2.10,1.87
2017.05.19 05:03:03.857,0.7275,0.72773,1.60,1.87
2017.05.19 05:03:04.447,0.7275,0.72773,1.72,1.75
2017.05.19 05:03:04.700,0.7275,0.72771,1.00,2.10
2017.05.19 05:03:04.902,0.7275,0.7277,1.37,1.75
2017.05.19 05:03:05.206,0.7275,0.72768,1.00,2.62
2017.05.19 05:03:09.223,0.7275,0.72769,1.00,1.12
2017.05.19 05:03:09.324,0.7275,0.72769,1.12,1.00
2017.05.19 05:03:11.136,0.7275,0.72769,1.12,2.47
2017.05.19 05:03:11.237,0.72745,0.72766,1.12,1.87
2017.05.19 05:03:11.339,0.72745,0.72764,1.00,1.37
2017.05.19 05:03:12.096,0.72745,0.72762,1.00,1.00
2017.05.19 05:03:12.197,0.72741,0.72762,2.25,1.00
2017.05.19 05:03:12.429,0.72745,0.72762,1.00,1.00
2017.05.19 05:03:12.632,0.72741,0.72762,1.87,1.12
2017.05.19 05:03:12.733,0.72744,0.72762,1.00,1.12
2017.05.19 05:03:12.934,0.72741,0.72762,1.87,1.00
2017.05.19 05:03:13.117,0.72744,0.72762,1.00,1.00
2017.05.19 05:03:22.125,0.72742,0.72762,1.12,1.12
2017.05.19 05:03:22.661,0.72744,0.72762,1.00,1.12
2017.05.19 05:03:26.512,0.72744,0.72763,1.00,1.87
2017.05.19 05:03:27.024,0.72745,0.72762,1.00,1.75
2017.05.19 05:03:38.664,0.7274,0.72763,3.00,1.12
2017.05.19 05:03:40.179,0.72741,0.72763,1.37,1.87
2017.05.19 05:03:43.418,0.72741,0.72762,1.50,1.12
2017.05.19 05:03:44.251,0.72745,0.72762,1.00,1.12
2017.05.19 05:03:44.660,0.72745,0.72761,1.00,1.00
2017.05.19 05:03:45.101,0.72741,0.72761,1.37,1.00
2017.05.19 05:03:50.389,0.72741,0.72761,1.50,1.00
2017.05.19 05:03:50.906,0.72741,0.72761,1.37,1.00
2017.05.19 05:03:58.061,0.72741,0.72761,1.50,1.00
2017.05.19 05:03:59.854,0.72741,0.72763,1.87,1.12
2017.05.19 05:04:08.015,0.72745,0.72763,1.00,1.12
2017.05.19 05:04:14.431,0.72741,0.72763,2.47,1.12
2017.05.19 05:04:19.468,0.72741,0.72762,1.50,1.12
2017.05.19 05:04:21.711,0.72741,0.72763,1.37,1.12
2017.05.19 05:04:22.016,0.72745,0.72763,1.00,1.12
2017.05.19 05:04:28.661,0.72741,0.72763,1.67,1.12
2017.05.19 05:04:32.954,0.72741,0.72763,1.67,1.12
2017.05.19 05:04:34.498,0.72741,0.72762,1.67,1.37
2017.05.19 05:04:36.329,0.72742,0.72763,1.37,1.12
2017.05.19 05:04:41.190,0.72742,0.72763,1.12,1.37
2017.05.19 05:04:45.537,0.72742,0.72763,1.12,1.00
2017.05.19 05:04:46.884,0.72742,0.72763,2.47,1.12
2017.05.19 05:04:47.737,0.72742,0.72763,1.87,1.37
2017.05.19 05:04:48.720,0.72742,0.72763,1.12,1.12
2017.05.19 05:04:49.775,0.72742,0.72763,1.37,1.12
2017.05.19 05:04:57.800,0.72742,0.72763,1.00,1.37
2017.05.19 05:04:57.901,0.72741,0.7276,1.37,1.00
2017.05.19 05:05:02.833,0.72737,0.72759,1.12,1.67
2017.05.19 05:05:02.985,0.72736,0.72758,1.12,1.00
2017.05.19 05:05:03.086,0.72736,0.72758,1.37,1.12
2017.05.19 05:05:11.226,0.72737,0.72757,1.00,1.87
2017.05.19 05:05:12.083,0.72735,0.72757,1.50,1.87
2017.05.19 05:05:13.273,0.72735,0.72757,1.87,1.87
2017.05.19 05:05:16.496,0.7274,0.72759,1.35,1.12
2017.05.19 05:05:16.597,0.72739,0.7276,1.67,1.75
2017.05.19 05:05:16.698,0.7274,0.7276,1.37,1.00
2017.05.19 05:05:17.694,0.7274,0.72761,1.87,1.00
2017.05.19 05:05:18.204,0.7274,0.72761,3.00,1.00
2017.05.19 05:05:18.547,0.7274,0.7276,1.50,1.72
2017.05.19 05:05:18.648,0.72738,0.72759,1.37,1.67
2017.05.19 05:05:18.823,0.72736,0.72758,3.00,1.37
2017.05.19 05:05:19.539,0.72737,0.72758,1.00,1.37
2017.05.19 05:05:20.735,0.72739,0.72757,1.00,1.00
2017.05.19 05:05:21.273,0.72739,0.7276,1.50,1.12
2017.05.19 05:05:22.629,0.72736,0.7276,1.35,1.75
2017.05.19 05:05:26.763,0.72738,0.7276,1.75,2.62
2017.05.19 05:05:27.287,0.72739,0.72759,1.00,1.37
2017.05.19 05:05:29.208,0.7274,0.72758,1.00,1.00
2017.05.19 05:05:30.608,0.72738,0.72758,1.37,1.00
2017.05.19 05:05:31.116,0.7274,0.72759,1.00,1.37
2017.05.19 05:05:31.543,0.7274,0.72759,1.00,1.12
2017.05.19 05:05:31.812,0.7274,0.72759,1.12,1.00
2017.05.19 05:05:33.775,0.7274,0.72762,1.87,2.62
2017.05.19 05:05:33.826,0.7274,0.72761,1.12,1.00
2017.05.19 05:05:45.624,0.72745,0.72762,1.00,1.87
2017.05.19 05:05:46.289,0.72742,0.72762,1.00,1.87
2017.05.19 05:05:49.315,0.72741,0.72762,1.75,1.50
2017.05.19 05:05:49.871,0.72742,0.72762,1.00,1.87
2017.05.19 05:05:51.241,0.72741,0.72762,2.10,1.50
2017.05.19 05:05:54.093,0.72742,0.72763,1.00,1.75
2017.05.19 05:05:54.439,0.72745,0.72765,1.00,1.12
2017.05.19 05:05:54.540,0.72741,0.72765,3.60,1.12
2017.05.19 05:05:55.323,0.72742,0.72765,1.87,2.62
2017.05.19 05:05:55.909,0.72744,0.72766,1.12,2.62
2017.05.19 05:05:56.684,0.72744,0.72765,1.87,2.62
2017.05.19 05:05:58.487,0.72743,0.72764,1.37,1.12
2017.05.19 05:05:59.403,0.72741,0.72765,3.60,1.87
2017.05.19 05:06:07.474,0.72743,0.72764,1.37,1.12
2017.05.19 05:06:09.535,0.72745,0.72764,1.00,1.12
2017.05.19 05:06:09.761,0.72745,0.72765,1.00,1.12
2017.05.19 05:06:39.904,0.72745,0.72766,1.35,1.12
2017.05.19 05:06:59.964,0.72745,0.72764,1.35,1.37
2017.05.19 05:07:03.126,0.72745,0.72764,1.60,1.37
2017.05.19 05:07:12.989,0.72745,0.72766,1.35,1.12
2017.05.19 05:07:19.912,0.72745,0.72765,1.12,1.37
2017.05.19 05:07:32.472,0.72745,0.72766,2.10,1.12
2017.05.19 05:07:32.982,0.72745,0.72765,1.37,1.12
2017.05.19 05:07:43.795,0.72745,0.72768,1.50,2.85
2017.05.19 05:07:48.370,0.72744,0.72765,1.12,1.00
2017.05.19 05:07:53.037,0.72745,0.72765,1.50,1.37
2017.05.19 05:08:04.594,0.72747,0.72767,1.72,1.12
2017.05.19 05:08:04.695,0.72749,0.7277,1.12,1.87
2017.05.19 05:08:04.797,0.7275,0.7277,1.37,1.50
2017.05.19 05:08:05.116,0.7275,0.72775,1.75,1.75
2017.05.19 05:08:05.167,0.72751,0.72773,1.37,1.37
2017.05.19 05:08:07.282,0.72752,0.72773,1.00,1.37
2017.05.19 05:08:07.914,0.72751,0.72773,1.37,1.00
2017.05.19 05:08:13.047,0.7275,0.72773,1.75,1.87
2017.05.19 05:08:13.291,0.72748,0.72768,1.12,1.12
2017.05.19 05:08:13.702,0.72748,0.72768,1.50,1.00
2017.05.19 05:08:14.545,0.72749,0.7277,1.37,1.50
2017.05.19 05:08:24.393,0.7275,0.7277,1.50,1.87
2017.05.19 05:08:25.801,0.7275,0.7277,1.12,1.87
2017.05.19 05:08:26.235,0.72748,0.72769,1.50,1.12
2017.05.19 05:08:26.437,0.72749,0.7277,1.50,2.25
2017.05.19 05:08:26.639,0.72751,0.72772,1.50,1.37
2017.05.19 05:08:26.915,0.72752,0.72773,1.37,1.87
2017.05.19 05:08:28.416,0.72755,0.72773,1.00,1.37
2017.05.19 05:08:38.056,0.72755,0.72776,2.25,1.37
2017.05.19 05:08:38.110,0.72755,0.72776,2.62,1.00
2017.05.19 05:08:38.729,0.72755,0.72777,2.62,2.62
2017.05.19 05:08:38.880,0.72755,0.72776,1.87,1.12
2017.05.19 05:08:39.032,0.72757,0.72777,1.00,1.87
2017.05.19 05:08:39.133,0.72757,0.72777,1.00,1.12
2017.05.19 05:08:39.234,0.72758,0.72779,1.00,1.37
2017.05.19 05:08:41.360,0.72758,0.72779,1.00,2.25
2017.05.19 05:08:42.001,0.72758,0.72779,1.12,1.87
2017.05.19 05:08:58.900,0.72758,0.72779,1.00,2.25
2017.05.19 05:09:01.042,0.72755,0.72777,3.22,1.37
2017.05.19 05:09:02.682,0.72756,0.72777,1.12,1.37
2017.05.19 05:09:03.980,0.72755,0.72775,1.12,1.00
2017.05.19 05:09:08.660,0.72756,0.72778,1.12,3.00
2017.05.19 05:09:10.094,0.72755,0.72777,2.47,1.00
2017.05.19 05:09:12.043,0.72756,0.72778,1.12,1.75
2017.05.19 05:09:15.971,0.72755,0.72777,2.10,1.00
2017.05.19 05:09:17.904,0.72755,0.72775,1.35,1.00
2017.05.19 05:09:19.823,0.72757,0.72775,1.00,1.00
2017.05.19 05:09:20.656,0.72756,0.72778,1.37,1.37
2017.05.19 05:09:20.921,0.72755,0.72778,2.47,1.00
2017.05.19 05:09:21.615,0.72756,0.72778,1.75,1.00
2017.05.19 05:09:33.069,0.72757,0.72779,1.00,2.25
2017.05.19 05:09:35.097,0.72757,0.72778,1.00,1.00
2017.05.19 05:09:36.097,0.72757,0.72779,1.00,1.87
2017.05.19 05:09:39.856,0.72756,0.72779,1.87,2.25
2017.05.19 05:09:42.697,0.72755,0.72778,3.22,1.00
2017.05.19 05:09:45.001,0.72755,0.72777,3.22,1.00
2017.05.19 05:09:50.127,0.72756,0.72779,1.87,3.00
2017.05.19 05:09:51.909,0.72756,0.72778,1.35,1.00
2017.05.19 05:09:52.860,0.72757,0.72779,1.12,3.00
2017.05.19 05:09:59.967,0.72755,0.72776,1.75,1.50
2017.05.19 05:10:00.017,0.72755,0.72777,1.50,2.05
2017.05.19 05:10:00.119,0.72755,0.72776,1.00,1.75
2017.05.19 05:10:00.851,0.72754,0.72776,1.50,3.00
2017.05.19 05:10:04.904,0.72754,0.72775,1.12,1.00
2017.05.19 05:10:08.232,0.72753,0.72775,1.37,1.50
2017.05.19 05:10:08.737,0.72753,0.72775,1.37,1.87
2017.05.19 05:10:10.692,0.72753,0.72775,1.12,1.87
2017.05.19 05:10:35.413,0.72755,0.72773,1.00,1.37
2017.05.19 05:10:35.810,0.72753,0.72773,1.00,1.37
2017.05.19 05:10:47.998,0.72752,0.72772,1.50,1.67
2017.05.19 05:10:48.199,0.72751,0.72771,1.00,1.37
2017.05.19 05:10:48.351,0.7275,0.72771,1.87,1.00
2017.05.19 05:10:49.072,0.7275,0.72771,1.87,1.00
2017.05.19 05:10:49.203,0.7275,0.72771,1.87,1.12
2017.05.19 05:10:50.243,0.7275,0.72771,1.87,1.12
2017.05.19 05:10:52.741,0.7275,0.72771,1.87,1.12
2017.05.19 05:11:01.325,0.7275,0.72771,1.37,1.87
2017.05.19 05:11:04.672,0.72751,0.72771,1.00,1.37
2017.05.19 05:11:05.486,0.72753,0.72772,1.00,1.00
2017.05.19 05:11:19.837,0.7275,0.72772,2.25,1.12
2017.05.19 05:11:20.517,0.72751,0.72772,1.00,1.35
2017.05.19 05:11:20.942,0.72748,0.72769,1.87,1.12
2017.05.19 05:11:28.012,0.72748,0.72769,1.87,1.72
2017.05.19 05:11:28.516,0.7275,0.72769,1.00,1.12
2017.05.19 05:11:29.124,0.7275,0.7277,1.87,1.00
2017.05.19 05:11:32.341,0.7275,0.72772,2.25,1.12
2017.05.19 05:11:33.072,0.72751,0.72772,1.50,1.12
2017.05.19 05:11:33.941,0.72751,0.72772,1.50,1.12
2017.05.19 05:11:34.462,0.72751,0.72771,1.00,1.37
2017.05.19 05:11:35.254,0.72751,0.72771,1.00,1.87
2017.05.19 05:11:38.382,0.7275,0.72771,1.50,1.87
2017.05.19 05:11:38.433,0.72751,0.72772,1.50,1.12
2017.05.19 05:11:39.002,0.72751,0.72773,1.37,2.25
2017.05.19 05:11:39.154,0.72755,0.72775,1.12,1.87
2017.05.19 05:11:39.356,0.72756,0.72777,2.25,1.12
2017.05.19 05:11:39.458,0.72757,0.72779,1.12,2.25
2017.05.19 05:11:40.120,0.72759,0.72779,1.00,1.37
2017.05.19 05:11:41.153,0.7276,0.7278,1.12,1.12
2017.05.19 05:11:41.456,0.7276,0.72781,1.87,1.37
2017.05.19 05:12:02.774,0.72759,0.7278,1.87,1.50
2017.05.19 05:12:03.398,0.72758,0.7278,1.12,1.50
2017.05.19 05:12:24.198,0.72757,0.7278,1.87,1.50
2017.05.19 05:12:24.401,0.72757,0.72779,1.12,1.67
2017.05.19 05:12:24.502,0.72757,0.72777,1.37,1.00
2017.05.19 05:12:39.928,0.72757,0.72778,1.37,1.12
2017.05.19 05:12:40.701,0.72757,0.72778,3.00,1.00
2017.05.19 05:12:40.852,0.72759,0.7278,1.12,1.50
2017.05.19 05:12:42.184,0.72758,0.7278,1.12,1.50
2017.05.19 05:12:56.960,0.7276,0.7278,2.10,1.37
2017.05.19 05:13:25.001,0.7276,0.72781,1.50,1.12
2017.05.19 05:13:38.074,0.72759,0.72781,1.37,1.75
2017.05.19 05:13:39.896,0.72759,0.72782,1.87,2.05
2017.05.19 05:13:54.562,0.7276,0.72782,2.62,1.12
2017.05.19 05:13:54.714,0.72762,0.72783,1.12,1.37
2017.05.19 05:13:56.684,0.72762,0.72783,1.37,1.12
2017.05.19 05:13:57.944,0.72762,0.72783,1.87,1.37
2017.05.19 05:13:58.510,0.72762,0.72783,1.87,1.12
2017.05.19 05:14:05.634,0.72762,0.72783,1.00,1.00
2017.05.19 05:14:09.684,0.72762,0.72783,1.00,1.37
2017.05.19 05:14:12.083,0.72762,0.72783,1.00,1.12
2017.05.19 05:14:28.957,0.72761,0.72781,1.00,1.37
2017.05.19 05:14:32.562,0.72758,0.7278,1.75,2.47
2017.05.19 05:14:33.403,0.72758,0.72779,1.37,1.37
2017.05.19 05:14:59.036,0.72755,0.72775,1.87,2.47
2017.05.19 05:14:59.087,0.72753,0.72775,3.00,2.25
2017.05.19 05:14:59.188,0.72753,0.72774,1.00,1.37
2017.05.19 05:14:59.704,0.72754,0.72774,1.12,1.37
2017.05.19 05:15:00.242,0.72754,0.72775,1.37,1.12
2017.05.19 05:15:05.140,0.72752,0.72774,2.25,1.37
2017.05.19 05:15:06.253,0.72752,0.72775,2.25,1.87
2017.05.19 05:15:08.252,0.72753,0.72775,1.00,1.75
2017.05.19 05:15:09.063,0.72752,0.72775,2.85,1.87
2017.05.19 05:15:09.717,0.72752,0.72775,2.85,1.87
2017.05.19 05:15:12.726,0.72755,0.72776,1.00,1.12
2017.05.19 05:15:13.027,0.72755,0.72775,1.87,1.00
2017.05.19 05:15:13.128,0.72755,0.72775,1.12,1.12
2017.05.19 05:15:14.530,0.72754,0.72776,1.00,1.87
2017.05.19 05:15:14.964,0.72755,0.72777,1.87,1.37
2017.05.19 05:15:17.379,0.72755,0.72776,1.75,1.37
2017.05.19 05:15:17.581,0.72755,0.72775,1.50,1.37
2017.05.19 05:15:18.882,0.72755,0.72775,1.00,1.87
2017.05.19 05:15:19.019,0.72752,0.72775,1.30,1.75
2017.05.19 05:15:19.393,0.72752,0.72774,1.37,1.87
2017.05.19 05:15:20.214,0.72751,0.72774,3.60,1.87
2017.05.19 05:15:21.338,0.72752,0.72774,1.00,1.12
2017.05.19 05:15:24.567,0.72751,0.72773,3.00,1.12
2017.05.19 05:15:24.668,0.72753,0.72773,1.00,1.00
2017.05.19 05:15:25.414,0.72752,0.72774,1.37,2.85
2017.05.19 05:15:25.666,0.7275,0.72772,1.37,1.12
2017.05.19 05:15:43.968,0.72749,0.72771,2.62,2.62
2017.05.19 05:15:44.271,0.72746,0.72767,1.37,1.37
2017.05.19 05:15:44.619,0.7275,0.72769,1.00,1.87
2017.05.19 05:15:44.670,0.7275,0.72769,1.00,1.12
2017.05.19 05:15:45.760,0.72748,0.72769,1.00,1.12
2017.05.19 05:15:46.385,0.72748,0.72769,1.12,1.87
2017.05.19 05:15:46.677,0.72746,0.72769,1.37,1.12
2017.05.19 05:15:49.335,0.72745,0.72767,1.75,1.75
2017.05.19 05:15:49.852,0.72745,0.72766,1.75,1.00
2017.05.19 05:15:50.297,0.72745,0.72766,1.50,1.12
2017.05.19 05:15:50.398,0.72746,0.72766,1.12,1.00
2017.05.19 05:15:50.883,0.72747,0.72769,1.12,1.12
2017.05.19 05:15:50.984,0.72747,0.7277,1.49,1.12
2017.05.19 05:15:51.186,0.7275,0.7277,1.87,1.00
2017.05.19 05:15:53.617,0.72751,0.72772,2.25,1.12
2017.05.19 05:15:53.667,0.72752,0.72772,1.50,1.00
2017.05.19 05:15:54.014,0.72749,0.72772,1.75,2.47
2017.05.19 05:15:54.065,0.7275,0.72771,1.00,2.85
2017.05.19 05:15:54.413,0.7275,0.72771,1.00,1.37
2017.05.19 05:15:54.929,0.7275,0.72771,1.12,1.00
2017.05.19 05:15:56.603,0.7275,0.7277,1.00,1.37
2017.05.19 05:15:57.681,0.72747,0.72767,1.12,1.00
2017.05.19 05:15:57.984,0.72752,0.72773,1.12,1.37
2017.05.19 05:15:58.580,0.72752,0.72774,1.49,1.12
2017.05.19 05:15:58.884,0.72755,0.72776,1.87,1.37
2017.05.19 05:15:59.432,0.72757,0.72776,1.72,1.00
2017.05.19 05:15:59.483,0.72757,0.7278,2.47,1.50
2017.05.19 05:15:59.533,0.7276,0.7278,1.37,1.50
2017.05.19 05:15:59.635,0.72761,0.72783,1.87,1.37
2017.05.19 05:15:59.786,0.72762,0.72784,1.12,1.50
2017.05.19 05:16:04.811,0.72767,0.72789,1.00,1.75
2017.05.19 05:16:05.087,0.72767,0.7279,1.37,1.75
2017.05.19 05:16:05.609,0.7277,0.7279,1.00,1.50
2017.05.19 05:16:05.945,0.72771,0.72795,2.25,3.00
2017.05.19 05:16:07.035,0.72772,0.72794,1.00,1.12
2017.05.19 05:16:08.015,0.72771,0.7279,1.37,1.00
2017.05.19 05:16:08.310,0.72767,0.7279,1.75,1.50
2017.05.19 05:16:08.835,0.72768,0.7279,1.37,1.87
2017.05.19 05:16:12.037,0.72768,0.7279,1.87,1.50
2017.05.19 05:16:12.660,0.72769,0.7279,1.00,1.50
2017.05.19 05:16:14.715,0.72768,0.7279,1.37,1.00
2017.05.19 05:16:18.261,0.72769,0.7279,1.00,1.50
2017.05.19 05:16:23.314,0.72768,0.7279,1.87,1.87
2017.05.19 05:16:23.504,0.72768,0.7279,1.37,1.50
2017.05.19 05:16:24.694,0.72768,0.7279,1.12,1.50
2017.05.19 05:16:27.905,0.72769,0.7279,1.87,1.50
2017.05.19 05:16:35.568,0.7277,0.7279,1.37,1.50
2017.05.19 05:16:42.498,0.72774,0.72793,1.00,1.87
2017.05.19 05:16:42.650,0.72775,0.72794,1.12,1.00
2017.05.19 05:16:52.044,0.72773,0.72795,1.37,1.75
2017.05.19 05:16:53.049,0.72773,0.72794,1.12,1.00
2017.05.19 05:16:59.874,0.72774,0.72795,1.12,1.87
2017.05.19 05:17:07.014,0.72774,0.72795,1.00,1.87
2017.05.19 05:17:09.109,0.72774,0.72795,1.12,1.87
2017.05.19 05:17:18.005,0.72774,0.72795,1.00,2.85
2017.05.19 05:17:19.915,0.72773,0.72795,1.87,2.47
2017.05.19 05:17:21.260,0.72773,0.72794,1.87,1.00
2017.05.19 05:18:05.486,0.72775,0.72795,1.00,1.12
2017.05.19 05:18:08.197,0.72775,0.72796,2.62,1.12
2017.05.19 05:18:08.247,0.72777,0.72798,1.50,1.37
2017.05.19 05:18:08.550,0.72781,0.72804,1.87,2.85
2017.05.19 05:18:09.516,0.72783,0.72803,1.37,1.00
2017.05.19 05:18:12.802,0.72782,0.72804,1.12,1.12
2017.05.19 05:18:13.323,0.72781,0.72803,1.87,1.37
2017.05.19 05:18:15.231,0.72781,0.72803,1.87,1.00
2017.05.19 05:18:15.807,0.72782,0.72804,1.12,1.75
2017.05.19 05:18:23.644,0.72783,0.72803,1.37,1.00
2017.05.19 05:18:24.674,0.72783,0.72803,1.00,1.37
2017.05.19 05:18:56.632,0.72781,0.728,1.12,1.00
2017.05.19 05:18:57.378,0.72781,0.72803,1.87,1.75
2017.05.19 05:18:59.767,0.72781,0.72802,1.87,1.00
2017.05.19 05:19:00.514,0.72781,0.72802,1.87,1.37
2017.05.19 05:19:10.325,0.7278,0.728,1.12,1.12
2017.05.19 05:19:10.651,0.72779,0.728,1.50,1.50
2017.05.19 05:19:12.226,0.72776,0.728,1.75,1.12
2017.05.19 05:19:13.907,0.72777,0.728,1.12,3.37
2017.05.19 05:19:14.059,0.72776,0.72797,1.87,1.00
2017.05.19 05:19:17.226,0.72775,0.72796,1.75,1.67
2017.05.19 05:19:17.378,0.72773,0.72793,1.12,1.00
2017.05.19 05:19:17.479,0.72773,0.72793,1.00,1.50
2017.05.19 05:19:18.625,0.72771,0.72792,1.00,1.37
2017.05.19 05:19:19.562,0.7277,0.72792,1.00,1.37
2017.05.19 05:19:20.210,0.72768,0.72789,1.37,1.00
2017.05.19 05:19:22.404,0.72768,0.72789,1.50,1.00
2017.05.19 05:19:24.088,0.72768,0.72789,1.37,1.00
2017.05.19 05:19:24.648,0.72768,0.72791,1.12,1.37
2017.05.19 05:19:24.734,0.7277,0.72791,1.00,1.12
2017.05.19 05:19:28.588,0.7277,0.72791,1.00,1.37
2017.05.19 05:19:31.860,0.7277,0.7279,1.00,1.37
2017.05.19 05:19:38.659,0.7277,0.72788,1.00,1.50
2017.05.19 05:19:38.811,0.72765,0.72788,1.75,1.12
2017.05.19 05:19:38.912,0.72765,0.72785,1.87,1.00
2017.05.19 05:19:39.013,0.72765,0.72785,1.12,1.12
2017.05.19 05:19:39.633,0.72764,0.72785,1.00,1.87
2017.05.19 05:19:42.101,0.72765,0.72785,1.00,1.12
2017.05.19 05:19:42.894,0.72764,0.72785,1.00,1.12
2017.05.19 05:19:44.311,0.72765,0.72784,1.00,1.37
2017.05.19 05:19:46.408,0.72764,0.72784,1.00,1.37
2017.05.19 05:19:52.053,0.72762,0.72784,1.12,1.75
2017.05.19 05:19:52.104,0.72762,0.72782,1.00,1.37
2017.05.19 05:19:56.738,0.72762,0.72783,1.50,1.12
2017.05.19 05:19:56.940,0.72765,0.72784,1.50,1.37
2017.05.19 05:19:57.466,0.72763,0.72785,1.75,1.12
2017.05.19 05:19:59.337,0.72766,0.72787,1.37,1.50
2017.05.19 05:19:59.438,0.72765,0.72785,1.37,1.50
2017.05.19 05:20:00.111,0.72764,0.72785,1.12,1.50
2017.05.19 05:20:00.357,0.72762,0.72784,1.75,1.12
2017.05.19 05:20:02.079,0.72763,0.72785,1.87,1.87
2017.05.19 05:20:02.130,0.72765,0.72785,1.00,1.50
2017.05.19 05:20:06.857,0.72765,0.72786,1.50,1.12
2017.05.19 05:20:07.573,0.72765,0.72787,1.87,1.87
2017.05.19 05:20:07.725,0.72767,0.72787,1.00,1.37
2017.05.19 05:20:09.848,0.72768,0.72789,1.37,1.87
2017.05.19 05:20:10.050,0.72769,0.72791,1.12,1.75
2017.05.19 05:20:10.804,0.7277,0.7279,1.37,1.00
2017.05.19 05:20:34.530,0.7277,0.7279,1.75,1.12
2017.05.19 05:20:47.271,0.72768,0.7279,1.37,1.37
2017.05.19 05:20:47.322,0.72768,0.7279,1.37,1.75
2017.05.19 05:20:50.875,0.72769,0.7279,2.25,1.12
2017.05.19 05:20:51.783,0.72769,0.72792,1.50,1.12
2017.05.19 05:20:53.942,0.72769,0.7279,2.25,1.12
2017.05.19 05:20:58.915,0.72766,0.7279,2.10,1.75
2017.05.19 05:21:04.622,0.72767,0.72789,1.75,1.12
2017.05.19 05:21:11.547,0.72769,0.7279,1.37,2.62
2017.05.19 05:21:39.888,0.72769,0.7279,1.00,1.75
2017.05.19 05:21:40.520,0.72768,0.7279,2.25,1.87
2017.05.19 05:21:51.347,0.72769,0.7279,1.72,1.75
2017.05.19 05:21:52.321,0.72769,0.7279,1.67,1.75
2017.05.19 05:21:53.735,0.72769,0.7279,1.00,1.87
2017.05.19 05:21:59.181,0.72768,0.7279,1.12,1.87
2017.05.19 05:22:09.025,0.72769,0.7279,1.00,2.47
2017.05.19 05:22:19.843,0.72768,0.72789,1.37,1.00
2017.05.19 05:22:39.202,0.72768,0.72789,1.12,1.00
2017.05.19 05:22:39.834,0.72768,0.7279,1.37,2.47
2017.05.19 05:22:54.233,0.72768,0.7279,1.75,2.47
2017.05.19 05:23:06.270,0.72769,0.72789,1.00,1.37
2017.05.19 05:23:14.961,0.7277,0.72789,1.00,1.37
2017.05.19 05:23:18.903,0.72769,0.72789,1.00,1.37
2017.05.19 05:23:32.986,0.72768,0.7279,2.10,1.87
2017.05.19 05:23:34.013,0.7277,0.72791,1.37,1.87
2017.05.19 05:23:34.518,0.7277,0.72791,1.12,1.87
2017.05.19 05:23:40.535,0.72769,0.7279,1.00,1.75
2017.05.19 05:23:42.439,0.7277,0.72792,2.10,1.87
2017.05.19 05:23:42.540,0.72771,0.72793,1.00,1.12
2017.05.19 05:23:42.742,0.72772,0.72793,1.37,1.37
2017.05.19 05:23:48.798,0.72769,0.72791,1.35,1.00
2017.05.19 05:23:49.059,0.72768,0.7279,2.85,1.00
2017.05.19 05:24:04.772,0.72771,0.72791,1.00,1.12
2017.05.19 05:24:06.083,0.72771,0.7279,1.00,1.00
2017.05.19 05:24:06.646,0.72768,0.7279,1.50,1.50
2017.05.19 05:24:24.708,0.72768,0.7279,2.62,1.50
2017.05.19 05:25:19.434,0.72769,0.7279,1.37,2.85
2017.05.19 05:25:19.586,0.72769,0.72788,1.00,1.72
2017.05.19 05:25:19.737,0.72767,0.72786,1.00,1.12
2017.05.19 05:25:20.474,0.72765,0.72786,1.87,1.12
2017.05.19 05:25:21.402,0.72765,0.72785,1.12,1.00
2017.05.19 05:25:23.462,0.72766,0.72786,2.47,1.00
2017.05.19 05:25:23.665,0.72768,0.7279,1.37,1.50
2017.05.19 05:25:24.981,0.72768,0.7279,1.37,1.50
2017.05.19 05:25:30.130,0.72769,0.7279,1.00,1.50
2017.05.19 05:25:31.348,0.72767,0.7279,2.25,1.87
2017.05.19 05:25:32.812,0.72766,0.7279,2.62,1.50
2017.05.19 05:25:34.867,0.72766,0.7279,2.25,1.50
2017.05.19 05:25:39.902,0.72767,0.72789,2.62,1.00
2017.05.19 05:25:47.428,0.72767,0.7279,1.75,3.00
2017.05.19 05:25:52.041,0.72768,0.72789,1.75,1.00
2017.05.19 05:25:52.411,0.72768,0.72789,1.12,1.12
2017.05.19 05:25:59.890,0.72767,0.7279,1.75,1.37
2017.05.19 05:25:59.941,0.72767,0.7279,1.75,1.37
2017.05.19 05:26:19.855,0.72769,0.7279,1.00,1.50
2017.05.19 05:26:36.106,0.72769,0.7279,1.00,4.35
2017.05.19 05:26:36.421,0.72763,0.72785,1.37,2.62
2017.05.19 05:26:40.074,0.72762,0.72784,1.37,1.87
2017.05.19 05:26:40.733,0.72762,0.72785,1.00,3.00
2017.05.19 05:26:49.285,0.7276,0.72782,1.50,1.87
2017.05.19 05:26:50.188,0.7276,0.72781,1.12,1.12
2017.05.19 05:27:04.621,0.7276,0.72781,1.00,1.75
2017.05.19 05:27:05.208,0.72757,0.72779,1.12,1.37
2017.05.19 05:27:32.961,0.72759,0.72779,1.00,1.12
2017.05.19 05:27:38.915,0.72759,0.72779,1.12,1.37
2017.05.19 05:27:50.305,0.72758,0.7278,2.47,1.37
2017.05.19 05:27:59.765,0.72758,0.7278,1.35,1.00
2017.05.19 05:28:00.580,0.72758,0.72781,2.10,3.00
2017.05.19 05:28:07.315,0.7276,0.7278,1.50,1.00
2017.05.19 05:28:08.320,0.7276,0.72781,1.50,2.25
2017.05.19 05:28:11.229,0.7276,0.7278,1.50,1.00
2017.05.19 05:28:14.251,0.7276,0.72782,1.87,1.75
2017.05.19 05:28:22.702,0.72759,0.72783,2.10,1.75
2017.05.19 05:28:24.841,0.7276,0.72782,1.12,2.25
2017.05.19 05:28:26.822,0.7276,0.72781,1.75,1.37
2017.05.19 05:28:48.855,0.72759,0.72779,1.37,1.00
2017.05.19 05:29:00.115,0.72757,0.72779,1.87,1.72
2017.05.19 05:29:00.317,0.72755,0.72775,1.12,1.00
2017.05.19 05:29:00.519,0.72753,0.72775,1.12,1.50
2017.05.19 05:29:00.635,0.72753,0.72773,1.37,1.00
2017.05.19 05:29:05.521,0.72754,0.72775,1.12,2.25
2017.05.19 05:29:05.881,0.72755,0.72773,1.00,1.37
2017.05.19 05:29:05.932,0.72753,0.72773,1.00,1.37
2017.05.19 05:29:24.569,0.72752,0.72774,1.75,1.12
2017.05.19 05:29:25.484,0.72755,0.72774,1.00,1.37
2017.05.19 05:29:25.836,0.72751,0.72775,1.67,1.75
2017.05.19 05:29:26.636,0.72752,0.72774,1.87,1.37
2017.05.19 05:29:30.479,0.72755,0.72774,1.00,1.37
2017.05.19 05:29:30.530,0.72753,0.72774,1.00,1.37
2017.05.19 05:29:30.625,0.72755,0.72774,1.00,1.37
2017.05.19 05:29:30.878,0.72754,0.72776,2.25,1.37
2017.05.19 05:29:35.667,0.72755,0.72776,1.50,1.37
2017.05.19 05:29:35.869,0.72757,0.72777,1.00,1.37
2017.05.19 05:29:36.609,0.72756,0.72778,2.25,1.12
2017.05.19 05:29:38.007,0.72757,0.72777,1.00,1.37
2017.05.19 05:29:42.842,0.72756,0.72778,2.25,1.12
2017.05.19 05:29:43.801,0.72757,0.72777,1.00,1.37
2017.05.19 05:29:46.374,0.72756,0.72778,2.25,1.12
2017.05.19 05:29:49.144,0.72756,0.72776,1.37,1.00
2017.05.19 05:29:49.295,0.72755,0.72775,1.50,1.37
2017.05.19 05:30:00.280,0.72754,0.72775,1.37,2.62
2017.05.19 05:30:19.959,0.72753,0.72772,1.00,1.12
2017.05.19 05:30:25.231,0.72753,0.72772,1.00,1.72
2017.05.19 05:30:25.281,0.72753,0.7277,1.00,2.10
2017.05.19 05:30:25.432,0.72748,0.72767,1.00,1.00
2017.05.19 05:30:25.483,0.72748,0.72767,2.25,1.50
2017.05.19 05:30:25.635,0.72751,0.72771,1.37,1.12
2017.05.19 05:30:29.727,0.72751,0.72771,1.12,1.00
2017.05.19 05:30:31.390,0.72751,0.7277,2.47,1.00
2017.05.19 05:30:31.928,0.7275,0.72771,1.75,1.00
2017.05.19 05:30:37.689,0.7275,0.72772,1.75,1.75
2017.05.19 05:30:37.890,0.7275,0.7277,1.75,1.37
2017.05.19 05:31:19.908,0.7275,0.7277,1.87,1.00
2017.05.19 05:31:46.160,0.72748,0.7277,1.75,1.87
2017.05.19 05:31:46.461,0.72746,0.72768,1.12,1.12
2017.05.19 05:31:46.512,0.72746,0.72767,1.37,1.12
2017.05.19 05:31:46.764,0.72746,0.72768,2.62,1.37
2017.05.19 05:31:46.966,0.72745,0.72768,1.87,1.12
2017.05.19 05:31:47.017,0.72745,0.72767,2.62,1.12
2017.05.19 05:31:48.495,0.72748,0.72768,1.37,1.12
2017.05.19 05:31:55.512,0.7275,0.72768,1.00,1.12
2017.05.19 05:31:55.714,0.72746,0.72767,1.72,1.12
2017.05.19 05:31:56.510,0.72746,0.72768,2.10,1.12
2017.05.19 05:31:56.611,0.72748,0.72767,1.12,1.00
2017.05.19 05:31:56.928,0.72749,0.72767,1.72,1.00
2017.05.19 05:31:57.231,0.72751,0.72771,1.67,1.12
2017.05.19 05:31:58.575,0.72751,0.72773,1.37,1.12
2017.05.19 05:31:59.453,0.72751,0.72773,2.05,1.12
2017.05.19 05:32:03.332,0.72755,0.72773,1.00,1.12
2017.05.19 05:32:03.534,0.72755,0.72776,1.87,1.12
2017.05.19 05:32:19.914,0.72753,0.72774,1.12,1.37
2017.05.19 05:32:19.965,0.72753,0.72774,1.12,1.12
2017.05.19 05:32:23.192,0.72751,0.72773,1.12,2.62
2017.05.19 05:32:23.369,0.72751,0.72771,1.37,1.12
2017.05.19 05:32:39.864,0.7275,0.72772,1.87,2.25
2017.05.19 05:32:40.426,0.72751,0.72771,1.37,1.00
2017.05.19 05:32:42.650,0.72752,0.72773,1.37,1.12
2017.05.19 05:32:44.010,0.72752,0.72772,1.12,1.00
2017.05.19 05:32:50.310,0.7275,0.72771,1.75,2.10
2017.05.19 05:32:50.413,0.72748,0.72768,1.87,1.00
2017.05.19 05:32:50.565,0.72747,0.72768,1.12,1.37
2017.05.19 05:32:50.616,0.72747,0.72766,1.37,1.00
2017.05.19 05:32:50.717,0.72748,0.72768,1.12,1.37
2017.05.19 05:32:54.210,0.72746,0.72768,1.12,1.75
2017.05.19 05:32:54.453,0.72746,0.72766,1.00,1.12
2017.05.19 05:32:54.507,0.72746,0.72766,1.12,1.37
2017.05.19 05:33:02.390,0.72745,0.72765,1.87,1.37
2017.05.19 05:33:02.441,0.72745,0.72765,1.87,1.12
2017.05.19 05:33:16.111,0.72746,0.72766,1.37,1.37
2017.05.19 05:33:16.215,0.72746,0.72766,1.12,1.37
2017.05.19 05:33:18.362,0.72749,0.72768,1.67,1.37
2017.05.19 05:33:18.564,0.72748,0.72769,1.35,1.00
2017.05.19 05:33:18.910,0.72748,0.72769,1.37,1.12
2017.05.19 05:33:18.961,0.72748,0.72768,1.37,1.12
2017.05.19 05:33:39.881,0.72746,0.72766,2.05,1.37
2017.05.19 05:33:47.459,0.7275,0.72767,1.00,1.12
2017.05.19 05:33:47.750,0.7275,0.72769,1.50,1.37
2017.05.19 05:33:47.901,0.7275,0.72769,1.00,1.12
2017.05.19 05:33:59.260,0.72751,0.72771,1.30,1.12
2017.05.19 05:33:59.311,0.72752,0.72772,1.30,1.12
2017.05.19 05:33:59.816,0.72752,0.72772,1.60,1.12
2017.05.19 05:34:00.219,0.72753,0.72772,1.35,1.00
2017.05.19 05:34:05.026,0.72751,0.72773,1.35,1.12
2017.05.19 05:34:06.680,0.72752,0.72774,2.85,1.12
2017.05.19 05:34:06.846,0.72754,0.72772,1.35,1.00
2017.05.19 05:34:11.011,0.72752,0.7277,1.00,1.00
2017.05.19 05:34:15.033,0.72752,0.7277,1.60,1.00
2017.05.19 05:34:15.339,0.72754,0.72774,2.10,1.00
2017.05.19 05:34:17.710,0.72752,0.72774,1.35,1.87
2017.05.19 05:34:17.761,0.72754,0.72772,1.00,1.12
2017.05.19 05:34:32.036,0.72755,0.72775,1.37,1.37
2017.05.19 05:34:32.087,0.72755,0.72775,1.75,1.37
2017.05.19 05:34:39.472,0.72758,0.72779,2.47,1.12
2017.05.19 05:34:39.574,0.7276,0.7278,3.22,1.12
2017.05.19 05:34:39.675,0.72762,0.72782,1.30,1.12
2017.05.19 05:34:39.864,0.72762,0.72782,1.35,1.12
2017.05.19 05:34:40.460,0.7276,0.7278,2.47,1.75
2017.05.19 05:34:40.511,0.72759,0.7278,1.67,1.75
2017.05.19 05:34:40.561,0.72759,0.72779,1.35,1.00
2017.05.19 05:34:41.272,0.7276,0.72779,1.00,1.00
2017.05.19 05:34:49.760,0.72759,0.72781,2.10,1.87
2017.05.19 05:34:50.451,0.72759,0.7278,2.10,1.50
2017.05.19 05:34:52.765,0.72759,0.7278,1.50,1.87
2017.05.19 05:34:52.816,0.72758,0.72778,1.67,1.12
2017.05.19 05:34:52.917,0.72758,0.72779,1.67,1.12
2017.05.19 05:34:53.624,0.7276,0.7278,1.50,1.12
2017.05.19 05:34:54.162,0.72761,0.72781,1.72,1.37
2017.05.19 05:34:54.538,0.72763,0.72784,1.75,1.12
2017.05.19 05:34:54.595,0.72766,0.72785,1.00,1.50
2017.05.19 05:34:54.696,0.72765,0.72788,1.35,1.12
2017.05.19 05:34:54.797,0.72768,0.72787,1.00,1.00
2017.05.19 05:34:55.625,0.72768,0.72787,1.00,1.37
2017.05.19 05:34:55.827,0.72766,0.72788,2.10,1.37
2017.05.19 05:34:56.330,0.72766,0.72788,2.25,1.00
2017.05.19 05:34:59.312,0.72766,0.72789,2.85,1.75
2017.05.19 05:35:00.556,0.72765,0.72786,3.97,1.12
2017.05.19 05:35:00.887,0.72761,0.72783,2.47,1.37
2017.05.19 05:35:08.866,0.72761,0.72783,1.75,1.75
2017.05.19 05:35:14.774,0.7276,0.72781,1.50,1.37
2017.05.19 05:35:22.878,0.7276,0.72782,3.37,1.37
2017.05.19 05:35:46.267,0.7276,0.7278,2.10,1.12
2017.05.19 05:35:48.446,0.7276,0.72781,3.60,1.00
2017.05.19 05:35:51.273,0.7276,0.7278,2.25,1.00
2017.05.19 05:35:58.212,0.7276,0.72781,3.60,1.00
2017.05.19 05:35:59.918,0.7276,0.72781,2.85,1.37
2017.05.19 05:36:07.520,0.72762,0.7278,1.75,1.00
2017.05.19 05:36:07.621,0.72762,0.72783,1.35,1.37
2017.05.19 05:36:08.172,0.72763,0.72785,1.35,1.75
2017.05.19 05:36:09.284,0.72763,0.72784,2.10,1.75
2017.05.19 05:36:16.455,0.72764,0.72783,1.75,1.00
2017.05.19 05:36:16.557,0.72764,0.72785,1.75,1.37
2017.05.19 05:36:22.531,0.72767,0.72785,1.75,1.87
2017.05.19 05:36:22.750,0.72767,0.72785,1.75,1.12
2017.05.19 05:36:23.867,0.72767,0.72788,2.25,1.37
2017.05.19 05:36:23.968,0.72769,0.72789,1.75,1.37
2017.05.19 05:36:24.070,0.72772,0.7279,1.00,1.00
2017.05.19 05:36:24.121,0.7277,0.7279,1.75,1.00
2017.05.19 05:36:28.820,0.72774,0.7279,1.00,1.37
2017.05.19 05:36:29.372,0.72774,0.72793,1.00,2.25
2017.05.19 05:36:30.794,0.72774,0.72793,1.00,1.50
2017.05.19 05:36:31.369,0.72774,0.72793,1.00,1.75
2017.05.19 05:36:32.301,0.72774,0.72793,1.00,1.50
2017.05.19 05:36:32.869,0.72774,0.72793,1.00,1.37
2017.05.19 05:36:33.861,0.72774,0.72793,1.00,1.75
2017.05.19 05:36:34.699,0.72774,0.72791,1.00,1.12
2017.05.19 05:36:36.160,0.72774,0.72791,1.00,1.37
2017.05.19 05:36:36.211,0.72774,0.72793,1.00,1.37
2017.05.19 05:36:36.312,0.72773,0.72794,1.75,1.75
2017.05.19 05:36:37.316,0.72773,0.72794,1.75,1.37
2017.05.19 05:36:40.520,0.72772,0.7279,1.75,1.00
2017.05.19 05:36:40.822,0.72773,0.72794,2.10,1.37
2017.05.19 05:36:40.923,0.72775,0.72794,1.75,1.00
2017.05.19 05:36:41.024,0.72778,0.72795,1.37,1.50
2017.05.19 05:36:42.076,0.72778,0.72795,2.25,1.00
2017.05.19 05:36:46.138,0.72778,0.72799,1.75,1.37
2017.05.19 05:36:46.239,0.72776,0.72795,4.87,1.00
2017.05.19 05:36:46.349,0.72776,0.72795,3.00,1.00
2017.05.19 05:36:46.951,0.72776,0.72795,2.25,1.37
2017.05.19 05:36:50.058,0.72775,0.72795,4.12,1.12
2017.05.19 05:36:50.625,0.72776,0.72798,3.60,1.75
2017.05.19 05:36:52.740,0.72777,0.72798,2.10,1.37
2017.05.19 05:36:52.841,0.72777,0.72798,2.10,1.00
2017.05.19 05:36:53.504,0.72778,0.72799,1.75,1.75
2017.05.19 05:36:55.870,0.72777,0.72799,2.10,1.37
2017.05.19 05:37:14.930,0.72777,0.72799,2.85,1.75
2017.05.19 05:37:23.429,0.72778,0.72798,1.35,1.00
2017.05.19 05:37:39.285,0.72779,0.72799,1.35,1.37
2017.05.19 05:37:49.938,0.72777,0.72799,1.75,2.47
2017.05.19 05:37:50.089,0.72773,0.72793,2.25,1.00
2017.05.19 05:37:50.140,0.72773,0.72793,1.75,1.00
2017.05.19 05:38:02.682,0.72774,0.72795,1.12,1.75
2017.05.19 05:38:02.833,0.72775,0.72794,1.00,1.12
2017.05.19 05:38:05.698,0.72775,0.72794,1.12,1.37
2017.05.19 05:38:07.772,0.72775,0.72794,1.00,1.12
2017.05.19 05:38:23.636,0.72775,0.72795,1.50,2.62
2017.05.19 05:38:23.687,0.72775,0.72795,1.37,1.87
2017.05.19 05:38:23.738,0.72775,0.72796,1.00,1.87
2017.05.19 05:38:23.836,0.72775,0.72796,1.37,1.87
2017.05.19 05:38:23.887,0.72774,0.72795,1.12,1.75
2017.05.19 05:38:24.341,0.72776,0.72798,2.05,1.37
2017.05.19 05:38:24.442,0.72776,0.72798,2.05,1.12
2017.05.19 05:38:35.973,0.72775,0.72797,1.72,1.12
2017.05.19 05:38:37.764,0.72772,0.72793,2.10,1.37
2017.05.19 05:38:41.750,0.72771,0.72794,3.60,1.87
2017.05.19 05:38:42.271,0.72775,0.72795,1.12,1.87
2017.05.19 05:38:43.552,0.72775,0.72796,2.47,1.75
2017.05.19 05:38:43.603,0.72776,0.72794,1.00,1.00
2017.05.19 05:38:44.140,0.72776,0.72794,1.60,1.00
2017.05.19 05:38:45.077,0.72776,0.72794,1.35,1.00
2017.05.19 05:38:49.106,0.72776,0.72794,2.85,1.00
2017.05.19 05:38:49.291,0.72779,0.72797,1.00,1.00
2017.05.19 05:39:00.112,0.72777,0.72798,1.35,2.62
2017.05.19 05:39:01.924,0.72776,0.72798,2.85,2.62
2017.05.19 05:39:02.187,0.72778,0.72798,1.35,1.12
2017.05.19 05:39:02.237,0.72777,0.72798,2.10,1.87
2017.05.19 05:39:02.620,0.72777,0.72798,1.72,1.87
2017.05.19 05:39:12.882,0.72774,0.72793,2.47,1.00
2017.05.19 05:39:12.983,0.72777,0.72797,1.67,1.12
2017.05.19 05:39:14.870,0.72775,0.72797,2.10,2.25
2017.05.19 05:39:14.921,0.72775,0.72797,1.30,2.25
2017.05.19 05:39:14.971,0.72775,0.72796,1.12,1.50
2017.05.19 05:39:15.206,0.72775,0.72796,1.12,1.75
2017.05.19 05:39:15.256,0.72775,0.72797,1.50,1.12
2017.05.19 05:39:15.307,0.72775,0.72797,1.87,1.37
2017.05.19 05:39:16.989,0.72775,0.72796,1.72,2.62
2017.05.19 05:39:21.707,0.72774,0.72795,1.67,1.87
2017.05.19 05:39:23.314,0.72773,0.72794,1.72,1.87
2017.05.19 05:39:24.367,0.72769,0.72791,1.75,1.12
2017.05.19 05:39:24.603,0.72766,0.72788,1.87,1.12
2017.05.19 05:39:25.846,0.72768,0.72789,2.10,1.75
2017.05.19 05:39:25.992,0.72769,0.72789,1.35,1.75
2017.05.19 05:39:26.043,0.72769,0.72791,1.97,1.12
2017.05.19 05:39:26.317,0.72766,0.72788,2.47,1.12
2017.05.19 05:39:28.727,0.72768,0.7279,1.37,1.75
2017.05.19 05:39:31.345,0.7277,0.72793,1.35,1.12
2017.05.19 05:39:31.497,0.72771,0.7279,1.00,1.00
2017.05.19 05:39:34.017,0.72769,0.72791,1.97,1.75
2017.05.19 05:39:34.563,0.7277,0.72793,1.72,3.00
2017.05.19 05:39:34.878,0.72773,0.72795,1.50,3.00
2017.05.19 05:39:34.929,0.72774,0.72795,2.10,1.12
2017.05.19 05:39:36.518,0.72772,0.72794,1.72,1.87
2017.05.19 05:39:37.515,0.72773,0.72794,1.35,1.12
2017.05.19 05:39:38.466,0.72774,0.72796,1.35,1.12
2017.05.19 05:39:38.737,0.72776,0.72797,1.35,1.37
2017.05.19 05:39:39.405,0.72775,0.72797,1.35,1.12
2017.05.19 05:39:39.456,0.72775,0.72796,1.67,1.12
2017.05.19 05:39:39.507,0.72775,0.72795,1.35,1.00
2017.05.19 05:39:40.954,0.72776,0.72794,1.00,1.00
2017.05.19 05:39:41.207,0.72775,0.72796,1.75,1.12
2017.05.19 05:39:41.747,0.72775,0.72796,1.75,1.37
2017.05.19 05:39:42.061,0.72773,0.72795,1.75,1.12
2017.05.19 05:39:42.316,0.7277,0.72794,3.22,3.37
2017.05.19 05:39:42.518,0.72771,0.72795,2.85,1.75
2017.05.19 05:39:59.939,0.72773,0.72796,1.35,1.12
2017.05.19 05:40:11.357,0.72773,0.72795,3.22,1.87
2017.05.19 05:40:11.925,0.72774,0.72794,1.35,1.00
2017.05.19 05:40:39.950,0.72774,0.72795,1.35,1.12
2017.05.19 05:40:41.036,0.72772,0.72791,3.22,1.00
2017.05.19 05:40:41.137,0.72775,0.72794,1.00,1.00
2017.05.19 05:40:59.926,0.72774,0.72794,1.67,1.37
2017.05.19 05:41:00.483,0.72774,0.72793,1.35,1.00
2017.05.19 05:41:01.367,0.72774,0.72793,1.60,1.00
2017.05.19 05:41:02.734,0.72774,0.72793,1.72,1.00
2017.05.19 05:41:03.253,0.72774,0.72792,1.00,1.12
2017.05.19 05:41:03.354,0.72773,0.72793,1.60,1.12
2017.05.19 05:41:03.455,0.72775,0.72793,1.72,1.37
2017.05.19 05:41:03.909,0.72776,0.72796,1.97,1.12
2017.05.19 05:41:04.287,0.72777,0.72798,1.35,1.12
2017.05.19 05:41:19.280,0.72775,0.72795,2.47,1.12
2017.05.19 05:41:24.608,0.72775,0.72795,1.67,2.25
2017.05.19 05:41:24.809,0.72776,0.72795,1.37,2.25
2017.05.19 05:41:25.009,0.72775,0.72795,1.67,1.75
2017.05.19 05:41:25.846,0.72775,0.72795,1.35,1.87
2017.05.19 05:41:26.402,0.72775,0.72795,1.67,1.75
2017.05.19 05:41:26.928,0.72774,0.72794,1.72,1.12
2017.05.19 05:41:41.009,0.72775,0.72795,1.67,1.87
2017.05.19 05:41:41.515,0.72775,0.72795,1.35,1.87
2017.05.19 05:42:19.870,0.72773,0.72793,1.72,1.12
2017.05.19 05:42:35.869,0.72772,0.72795,2.05,1.87
2017.05.19 05:42:35.919,0.72773,0.72794,1.12,1.37
2017.05.19 05:42:42.141,0.72772,0.72794,1.87,1.87
2017.05.19 05:42:56.581,0.72772,0.72793,1.87,1.00
2017.05.19 05:42:59.848,0.72775,0.72794,1.00,1.12
2017.05.19 05:43:47.680,0.72775,0.72796,1.50,1.87
2017.05.19 05:43:52.141,0.72775,0.72796,2.10,1.87
2017.05.19 05:43:55.350,0.72776,0.72796,1.30,1.87
2017.05.19 05:44:00.433,0.72775,0.72796,2.10,1.75
2017.05.19 05:44:04.822,0.72775,0.72795,2.10,1.87
2017.05.19 05:44:08.618,0.72775,0.72795,2.10,1.87
2017.05.19 05:44:09.230,0.72775,0.72795,2.10,1.87
2017.05.19 05:44:10.509,0.72775,0.72795,1.35,1.87
2017.05.19 05:44:14.020,0.72776,0.72796,1.35,1.12
2017.05.19 05:44:41.229,0.72776,0.72796,1.60,1.12
2017.05.19 05:44:43.417,0.72776,0.72797,1.35,2.62
2017.05.19 05:44:50.009,0.72776,0.72797,1.67,2.62
2017.05.19 05:44:53.962,0.72776,0.72797,1.30,1.12
2017.05.19 05:44:56.475,0.72775,0.72797,2.47,1.12
2017.05.19 05:45:00.566,0.72776,0.72797,1.35,2.62
2017.05.19 05:45:05.676,0.72777,0.72797,1.30,2.62
2017.05.19 05:45:10.977,0.72776,0.72797,1.00,2.62
2017.05.19 05:45:11.279,0.72773,0.72792,1.37,1.00
2017.05.19 05:45:12.002,0.72773,0.72792,1.12,1.00
2017.05.19 05:45:15.075,0.72773,0.72792,1.00,1.37
2017.05.19 05:45:15.177,0.7277,0.7279,1.37,1.50
2017.05.19 05:45:15.278,0.72768,0.7279,1.12,3.00
2017.05.19 05:45:15.669,0.72768,0.72789,1.37,2.62
2017.05.19 05:45:19.071,0.72769,0.72789,1.00,1.87
2017.05.19 05:45:19.628,0.7277,0.72789,1.00,1.87
2017.05.19 05:45:20.562,0.72769,0.72789,1.00,1.87
2017.05.19 05:45:26.520,0.7277,0.7279,1.00,1.87
2017.05.19 05:45:28.398,0.72769,0.7279,1.12,1.87
2017.05.19 05:45:34.396,0.7277,0.7279,1.00,1.87
2017.05.19 05:45:35.405,0.7277,0.72787,1.00,1.00
2017.05.19 05:45:38.259,0.7277,0.7279,1.37,1.37
2017.05.19 05:45:45.589,0.7277,0.72791,1.37,1.87
2017.05.19 05:45:46.373,0.7277,0.72791,1.00,1.87
2017.05.19 05:45:46.905,0.72769,0.72791,2.10,1.87
2017.05.19 05:45:48.415,0.7277,0.72791,1.00,1.87
2017.05.19 05:45:48.918,0.7277,0.7279,1.87,1.12
2017.05.19 05:45:49.911,0.7277,0.72791,3.97,1.87
2017.05.19 05:45:50.502,0.72771,0.72791,1.60,1.87
2017.05.19 05:45:50.654,0.72775,0.72792,1.00,1.87
2017.05.19 05:45:51.916,0.72772,0.72792,1.12,1.75
2017.05.19 05:45:54.445,0.72772,0.72792,1.37,1.75
2017.05.19 05:46:01.179,0.72771,0.72792,2.10,1.87
2017.05.19 05:46:19.802,0.72771,0.72793,2.10,1.87
2017.05.19 05:46:20.256,0.72773,0.7279,1.00,1.00
2017.05.19 05:46:20.574,0.72768,0.72788,2.05,1.37
2017.05.19 05:46:24.640,0.72768,0.72788,1.67,1.12
2017.05.19 05:46:24.691,0.72768,0.72788,1.35,1.12
2017.05.19 05:46:32.250,0.72768,0.72788,2.62,1.37
2017.05.19 05:46:32.454,0.72768,0.72788,2.62,1.37
2017.05.19 05:47:02.262,0.72768,0.72785,1.35,1.00
2017.05.19 05:47:02.393,0.72768,0.72787,1.35,1.00
2017.05.19 05:47:03.405,0.72767,0.72787,1.67,1.37
2017.05.19 05:47:03.456,0.72767,0.72787,1.35,1.12
2017.05.19 05:47:08.559,0.72763,0.72784,2.62,1.50
2017.05.19 05:47:08.660,0.72762,0.7278,1.87,1.00
2017.05.19 05:47:08.761,0.72762,0.7278,1.37,1.50
2017.05.19 05:47:10.590,0.72763,0.72782,2.85,1.12
2017.05.19 05:47:10.843,0.72766,0.72786,2.47,1.12
2017.05.19 05:47:11.745,0.72766,0.72785,2.47,1.00
2017.05.19 05:47:12.259,0.72767,0.72788,1.97,1.12
2017.05.19 05:47:12.360,0.72769,0.7279,1.37,2.62
2017.05.19 05:47:12.855,0.72766,0.7279,1.35,1.75
2017.05.19 05:47:15.467,0.72771,0.72792,1.35,2.62
2017.05.19 05:47:15.568,0.72772,0.72795,1.72,3.37
2017.05.19 05:47:15.871,0.72774,0.72794,1.00,1.87
2017.05.19 05:47:17.307,0.72773,0.72791,1.37,1.00
2017.05.19 05:47:17.599,0.72773,0.72793,1.37,1.00
2017.05.19 05:47:26.818,0.72775,0.72794,1.00,1.37
2017.05.19 05:47:27.701,0.72774,0.72796,1.50,1.12
2017.05.19 05:47:28.913,0.72774,0.72795,2.25,1.12
2017.05.19 05:47:30.444,0.72773,0.72794,1.37,1.37
2017.05.19 05:47:31.017,0.72771,0.72794,1.87,2.25
2017.05.19 05:47:31.229,0.72771,0.72792,1.87,1.37
2017.05.19 05:47:32.553,0.72771,0.72791,1.50,1.12
2017.05.19 05:47:32.604,0.72771,0.72791,1.50,1.12
2017.05.19 05:47:34.113,0.7277,0.72791,3.60,2.25
2017.05.19 05:47:35.017,0.72772,0.72793,1.37,1.12
2017.05.19 05:47:49.428,0.7277,0.72792,2.25,2.62
2017.05.19 05:47:54.684,0.72771,0.72792,1.00,3.37
2017.05.19 05:48:05.170,0.72771,0.72793,1.50,1.75
2017.05.19 05:48:05.371,0.72773,0.72793,1.00,1.37
2017.05.19 05:48:24.699,0.72772,0.72793,1.87,1.37
2017.05.19 05:48:35.097,0.72775,0.72792,1.00,1.37
2017.05.19 05:48:35.602,0.72775,0.72796,1.87,1.87
2017.05.19 05:48:39.987,0.72773,0.72793,1.50,1.37
2017.05.19 05:48:50.062,0.7277,0.72791,2.10,3.37
2017.05.19 05:48:50.113,0.7277,0.72788,1.72,1.00
2017.05.19 05:48:51.011,0.72772,0.72791,1.00,1.75
2017.05.19 05:48:54.470,0.72769,0.72791,2.10,3.37
2017.05.19 05:48:54.521,0.72769,0.72791,2.10,3.37
2017.05.19 05:48:55.042,0.72769,0.72791,1.37,3.37
2017.05.19 05:48:56.316,0.7277,0.72791,1.12,3.37
2017.05.19 05:48:56.954,0.7277,0.72791,1.37,3.37
2017.05.19 05:48:58.013,0.7277,0.72791,2.25,2.25
2017.05.19 05:48:59.822,0.7277,0.72792,1.00,1.75
2017.05.19 05:48:59.873,0.72771,0.72791,1.37,1.75
2017.05.19 05:48:59.924,0.72771,0.72789,1.37,1.00
2017.05.19 05:49:02.006,0.7277,0.72789,2.62,1.00
2017.05.19 05:49:04.412,0.72771,0.72789,2.85,1.00
2017.05.19 05:49:05.896,0.72773,0.72793,1.00,1.12
2017.05.19 05:49:10.603,0.72773,0.72794,1.50,2.62
2017.05.19 05:49:11.218,0.72773,0.72795,1.00,4.12
2017.05.19 05:49:11.527,0.72775,0.72796,2.47,3.00
2017.05.19 05:49:11.680,0.72775,0.72797,3.22,1.87
2017.05.19 05:49:11.781,0.72777,0.72795,1.12,1.00
2017.05.19 05:49:12.134,0.72778,0.72795,1.72,1.00
2017.05.19 05:49:12.896,0.72779,0.728,1.00,1.87
2017.05.19 05:49:16.927,0.7278,0.72802,1.35,4.50
2017.05.19 05:49:17.078,0.7278,0.72801,1.72,1.75
2017.05.19 05:49:30.182,0.7278,0.728,2.47,1.87
2017.05.19 05:49:31.485,0.7278,0.72799,2.62,1.00
2017.05.19 05:49:33.946,0.7278,0.728,2.85,1.87
2017.05.19 05:49:33.997,0.7278,0.728,2.47,1.87
2017.05.19 05:49:34.501,0.7278,0.728,2.85,1.75
2017.05.19 05:49:35.751,0.7278,0.728,2.85,1.75
2017.05.19 05:49:38.551,0.7278,0.72801,2.25,1.87
2017.05.19 05:49:38.602,0.72781,0.72801,1.12,1.87
2017.05.19 05:49:47.518,0.7278,0.72801,1.50,1.50
2017.05.19 05:49:47.568,0.7278,0.72801,1.12,1.75
2017.05.19 05:49:49.218,0.7278,0.72802,1.50,1.87
2017.05.19 05:49:49.269,0.7278,0.72802,1.87,1.87
2017.05.19 05:50:04.776,0.72781,0.728,1.00,1.00
2017.05.19 05:50:17.150,0.7278,0.728,2.25,3.00
2017.05.19 05:50:17.309,0.72781,0.72801,1.67,1.75
2017.05.19 05:50:19.167,0.72779,0.72798,1.35,1.12
2017.05.19 05:50:19.218,0.7278,0.72798,1.30,1.87
2017.05.19 05:50:36.511,0.72778,0.72798,1.00,1.87
2017.05.19 05:50:54.486,0.72776,0.72798,2.85,2.62
2017.05.19 05:50:58.799,0.72777,0.72799,1.00,2.62
2017.05.19 05:51:10.105,0.72775,0.72797,3.22,1.87
2017.05.19 05:51:10.606,0.72777,0.72797,1.37,1.12
2017.05.19 05:51:13.445,0.72776,0.72796,1.35,1.12
2017.05.19 05:51:13.584,0.72776,0.72796,1.12,1.87
2017.05.19 05:51:13.707,0.72776,0.72796,1.00,1.87
2017.05.19 05:51:13.758,0.72777,0.72795,1.00,1.00
2017.05.19 05:51:14.010,0.72777,0.72795,1.60,1.00
2017.05.19 05:51:14.214,0.72777,0.72795,1.72,1.00
2017.05.19 05:51:21.672,0.72777,0.72795,1.72,1.00
2017.05.19 05:51:28.599,0.72777,0.72794,1.00,1.00
2017.05.19 05:51:28.700,0.72777,0.72793,1.00,1.37
2017.05.19 05:51:28.750,0.72775,0.72791,1.00,1.00
2017.05.19 05:51:30.160,0.72772,0.72791,1.00,1.12
2017.05.19 05:51:30.362,0.72771,0.72791,1.35,1.12
2017.05.19 05:51:33.349,0.7277,0.72792,2.47,2.62
2017.05.19 05:51:33.450,0.7277,0.72791,2.10,1.75
2017.05.19 05:51:33.934,0.72767,0.72786,2.47,1.00
2017.05.19 05:51:40.872,0.72767,0.72786,3.60,1.00
2017.05.19 05:51:41.513,0.7277,0.72786,1.00,1.00
2017.05.19 05:51:43.622,0.72768,0.72786,1.30,1.00
2017.05.19 05:51:45.718,0.72767,0.72786,1.72,1.00
2017.05.19 05:51:47.149,0.72767,0.72785,1.00,1.12
2017.05.19 05:51:47.199,0.72765,0.72783,1.00,1.00
2017.05.19 05:51:47.570,0.72765,0.72784,1.00,1.87
2017.05.19 05:51:47.722,0.72763,0.72785,1.00,2.62
2017.05.19 05:51:48.405,0.72764,0.72785,1.87,1.12
2017.05.19 05:51:48.708,0.72767,0.72789,1.87,2.05
2017.05.19 05:51:48.809,0.72769,0.72788,1.00,1.00
2017.05.19 05:51:48.961,0.72767,0.72789,1.37,2.47
2017.05.19 05:51:49.062,0.72767,0.72789,1.12,1.87
2017.05.19 05:51:51.485,0.7277,0.7279,1.00,1.35
2017.05.19 05:51:53.781,0.7277,0.72791,1.50,2.47
2017.05.19 05:51:56.022,0.72771,0.72793,1.12,1.12
2017.05.19 05:52:04.713,0.7277,0.72794,1.87,1.87
2017.05.19 05:52:19.818,0.72771,0.7279,1.00,1.00
2017.05.19 05:52:22.054,0.72771,0.72791,1.00,1.75
2017.05.19 05:52:25.784,0.7277,0.72788,1.00,1.00
2017.05.19 05:52:39.864,0.7277,0.72788,1.50,1.00
2017.05.19 05:52:59.711,0.72771,0.72792,1.60,1.75
2017.05.19 05:53:07.931,0.72772,0.72792,1.00,1.75
2017.05.19 05:53:09.722,0.72771,0.72792,1.00,1.75
2017.05.19 05:53:21.633,0.72772,0.72794,2.47,1.12
2017.05.19 05:53:21.835,0.72773,0.72794,1.35,1.37
2017.05.19 05:53:33.630,0.7277,0.72793,1.35,1.87
2017.05.19 05:53:33.681,0.72773,0.72793,1.00,1.87
2017.05.19 05:53:33.782,0.7277,0.72791,1.35,1.12
2017.05.19 05:53:34.626,0.7277,0.7279,1.67,1.12
2017.05.19 05:53:40.299,0.7277,0.72789,1.50,1.37
2017.05.19 05:53:53.036,0.72767,0.72787,1.87,1.12
2017.05.19 05:53:57.701,0.7277,0.72787,1.00,1.12
2017.05.19 05:53:58.615,0.72766,0.72788,2.05,1.12
2017.05.19 05:54:04.911,0.7277,0.72788,1.00,1.12
2017.05.19 05:54:05.260,0.72767,0.72788,1.37,1.12
2017.05.19 05:54:07.916,0.7277,0.72788,1.00,1.12
2017.05.19 05:54:08.438,0.7277,0.72791,1.12,1.75
2017.05.19 05:54:08.489,0.7277,0.72788,1.50,1.00
2017.05.19 05:54:19.487,0.7277,0.7279,1.00,1.87
2017.05.19 05:54:27.469,0.7277,0.7279,2.47,1.50
2017.05.19 05:54:29.593,0.72771,0.72793,1.30,5.25
2017.05.19 05:54:29.694,0.72771,0.72793,1.67,3.37
2017.05.19 05:54:51.928,0.72766,0.72789,3.00,1.50
2017.05.19 05:54:52.030,0.72766,0.72788,1.12,1.87
2017.05.19 05:54:52.131,0.72766,0.72787,1.12,1.12
2017.05.19 05:54:52.758,0.72766,0.72787,1.00,2.05
2017.05.19 05:54:53.717,0.72762,0.72783,2.05,1.12
2017.05.19 05:54:59.257,0.72765,0.72784,1.00,1.87
2017.05.19 05:55:00.114,0.72761,0.72784,2.05,1.12
2017.05.19 05:55:00.692,0.72765,0.72784,1.00,1.12
2017.05.19 05:55:00.962,0.72765,0.72784,1.50,1.12
2017.05.19 05:55:01.962,0.72764,0.72785,1.00,1.75
2017.05.19 05:55:04.858,0.72765,0.72784,1.50,2.25
2017.05.19 05:55:05.060,0.72765,0.72786,1.50,1.75
2017.05.19 05:55:05.906,0.72764,0.72786,1.87,1.75
2017.05.19 05:55:10.437,0.72765,0.72787,1.50,1.75
2017.05.19 05:55:20.577,0.72765,0.72788,2.10,1.12
2017.05.19 05:55:20.678,0.72766,0.72787,1.12,1.12
2017.05.19 05:55:20.981,0.7277,0.72791,1.12,1.87
2017.05.19 05:55:21.183,0.72771,0.7279,1.00,1.00
2017.05.19 05:55:24.187,0.7277,0.72792,3.37,1.37
2017.05.19 05:55:28.814,0.72775,0.72796,1.50,1.12
2017.05.19 05:55:30.113,0.72777,0.72798,2.10,1.37
2017.05.19 05:55:37.233,0.72776,0.72798,1.87,1.12
2017.05.19 05:55:52.528,0.72771,0.72794,2.25,1.75
2017.05.19 05:55:52.748,0.72771,0.72793,1.50,1.75
2017.05.19 05:56:00.710,0.7277,0.72794,2.85,1.75
2017.05.19 05:56:03.026,0.72775,0.72794,1.00,1.75
2017.05.19 05:56:03.644,0.72771,0.72794,2.62,1.75
2017.05.19 05:56:06.485,0.72773,0.72795,1.50,2.25
2017.05.19 05:56:06.838,0.72777,0.72793,1.00,1.00
2017.05.19 05:56:06.939,0.72778,0.72796,1.00,1.00
2017.05.19 05:56:07.314,0.7278,0.72796,1.00,1.00
2017.05.19 05:56:07.951,0.72779,0.72796,1.00,1.00
2017.05.19 05:56:09.215,0.72778,0.72796,1.00,1.00
2017.05.19 05:56:18.615,0.7278,0.72796,1.00,1.00
2017.05.19 05:56:21.095,0.72778,0.72798,1.00,1.75
2017.05.19 05:56:21.495,0.7278,0.72798,1.00,1.75
2017.05.19 05:56:21.614,0.72777,0.72798,1.00,1.75
2017.05.19 05:56:21.814,0.7278,0.72798,1.00,1.75
2017.05.19 05:56:29.137,0.72776,0.728,1.75,5.25
2017.05.19 05:56:29.288,0.72777,0.72799,1.12,1.12
2017.05.19 05:56:29.495,0.72778,0.728,1.00,2.62
2017.05.19 05:56:30.813,0.72776,0.72797,1.37,2.62
2017.05.19 05:56:31.714,0.72776,0.72797,1.00,2.62
2017.05.19 05:56:36.249,0.72775,0.72797,1.87,1.87
2017.05.19 05:56:36.751,0.72776,0.72797,1.12,1.87
2017.05.19 05:56:38.145,0.72777,0.72799,2.47,1.12
2017.05.19 05:56:38.196,0.72777,0.72799,1.87,1.12
2017.05.19 05:56:44.882,0.7278,0.72802,2.25,1.12
2017.05.19 05:56:45.034,0.72781,0.72803,2.47,1.12
2017.05.19 05:56:45.135,0.72782,0.72803,1.12,1.12
2017.05.19 05:57:04.660,0.72784,0.72805,1.00,2.62
2017.05.19 05:57:19.883,0.72782,0.72802,1.87,1.00
2017.05.19 05:57:35.293,0.72781,0.728,2.47,1.00
2017.05.19 05:57:35.425,0.72782,0.72804,1.12,2.05
2017.05.19 05:57:39.863,0.72782,0.72804,1.87,1.37
2017.05.19 05:57:52.193,0.72785,0.72803,1.00,1.00
2017.05.19 05:57:55.152,0.72783,0.72805,1.87,2.62
2017.05.19 05:57:55.716,0.72783,0.72801,1.87,1.00
2017.05.19 05:57:56.447,0.72783,0.72801,1.87,1.00
2017.05.19 05:58:00.589,0.72783,0.72804,1.50,1.87
2017.05.19 05:58:00.640,0.72784,0.72803,1.00,1.00
2017.05.19 05:58:16.816,0.72784,0.72805,2.47,1.75
2017.05.19 05:58:18.956,0.72781,0.72803,2.47,1.12
2017.05.19 05:58:29.160,0.72782,0.72804,1.75,1.67
2017.05.19 05:58:30.155,0.72784,0.72804,1.00,1.72
2017.05.19 05:58:30.256,0.72784,0.72803,1.00,1.00
2017.05.19 05:58:39.460,0.72783,0.72805,2.47,1.50
2017.05.19 05:58:39.511,0.72786,0.72805,1.00,1.50
2017.05.19 05:58:42.418,0.72785,0.72808,3.37,1.35
2017.05.19 05:58:42.469,0.72788,0.72807,1.00,1.00
2017.05.19 05:58:43.462,0.72788,0.72807,1.00,2.10
2017.05.19 05:58:43.765,0.72782,0.72804,1.87,2.85
2017.05.19 05:58:44.100,0.72783,0.72805,1.75,2.62
2017.05.19 05:58:56.307,0.72785,0.72808,2.25,4.12
2017.05.19 05:58:56.408,0.72785,0.72808,2.62,2.25
2017.05.19 05:59:10.260,0.72789,0.7281,1.00,3.00
2017.05.19 05:59:10.361,0.72789,0.7281,1.00,1.75
2017.05.19 05:59:10.412,0.72789,0.7281,1.37,1.75
2017.05.19 05:59:10.834,0.72785,0.7281,3.37,2.10
2017.05.19 05:59:14.759,0.72786,0.72808,1.12,1.75
2017.05.19 05:59:19.820,0.72786,0.72808,1.00,3.97
2017.05.19 05:59:23.269,0.72785,0.72804,1.12,2.25
2017.05.19 05:59:23.472,0.72785,0.72807,1.50,2.25
2017.05.19 05:59:24.997,0.72785,0.72807,1.50,2.25
2017.05.19 05:59:25.199,0.72787,0.72809,1.37,2.62
2017.05.19 05:59:25.367,0.7279,0.72808,2.62,1.00
2017.05.19 05:59:28.564,0.7279,0.72808,1.87,1.00
2017.05.19 05:59:29.294,0.7279,0.72808,1.87,1.00
2017.05.19 05:59:31.148,0.7279,0.72811,1.87,1.35
2017.05.19 05:59:31.198,0.7279,0.72812,1.87,1.35
2017.05.19 05:59:36.666,0.72792,0.72815,1.12,1.50
2017.05.19 05:59:37.593,0.72795,0.72817,1.87,1.75
2017.05.19 05:59:41.402,0.72791,0.72814,2.25,1.87
2017.05.19 05:59:41.519,0.72791,0.72814,1.87,1.87
2017.05.19 05:59:49.205,0.72791,0.72813,2.62,1.75
2017.05.19 05:59:49.815,0.72791,0.72815,1.12,1.75
2017.05.19 05:59:49.865,0.72791,0.72813,2.62,1.75
2017.05.19 05:59:50.550,0.72791,0.72813,2.62,1.75
2017.05.19 05:59:50.961,0.72791,0.72813,1.87,1.75
2017.05.19 05:59:59.427,0.7279,0.72811,2.25,1.00
