2010.03.12 17:00:00.028,0.96975,0.9701,2.40,2.40
2010.03.12 17:00:00.354,0.96975,0.97015,2.40,2.40
2010.03.12 17:00:02.387,0.96985,0.97015,2.40,2.40
2010.03.12 17:00:04.958,0.96975,0.97015,2.40,2.40
2010.03.12 17:00:05.357,0.96975,0.97005,2.40,2.40
2010.03.12 17:00:05.731,0.9698,0.9701,2.40,2.40
2010.03.12 17:00:06.917,0.96985,0.97015,2.40,2.40
2010.03.12 17:00:07.669,0.9697,0.97,2.40,2.40
2010.03.12 17:00:07.958,0.96985,0.97015,2.40,2.40
2010.03.12 17:00:14.718,0.9698,0.97015,2.40,2.40
2010.03.12 17:00:15.258,0.96975,0.97005,2.40,2.40
2010.03.12 17:00:16.694,0.9698,0.9701,2.40,2.40
2010.03.12 17:00:27.311,0.96975,0.97005,2.40,2.40
2010.03.12 17:00:28.791,0.9697,0.97,2.40,2.40
2010.03.12 17:00:29.779,0.96975,0.97005,2.40,2.40
2010.03.12 17:00:30.834,0.9698,0.9701,2.40,2.40
2010.03.12 17:00:34.370,0.96975,0.97005,2.40,2.40
2010.03.12 17:00:37.439,0.9698,0.9701,2.40,2.40
2010.03.12 17:00:41.138,0.9697,0.97,2.40,2.40
2010.03.12 17:00:41.388,0.9697,0.97005,2.40,2.40
2010.03.12 17:00:42.377,0.9697,0.97,2.40,2.40
2010.03.12 17:00:48.476,0.96975,0.97005,2.40,2.40
2010.03.12 17:00:49.369,0.9697,0.97,2.40,2.40
2010.03.12 17:00:49.916,0.9696,0.9699,2.40,2.40
2010.03.12 17:00:51.505,0.96965,0.96995,2.40,2.40
2010.03.12 17:00:54.105,0.96975,0.97,2.40,2.40
2010.03.12 17:00:54.575,0.9697,0.97,2.40,2.40
2010.03.12 17:00:57.624,0.9696,0.9699,2.40,2.40
2010.03.12 17:00:58.035,0.96965,0.96995,2.40,2.40
2010.03.12 17:00:58.814,0.9696,0.9699,2.40,2.40
2010.03.12 17:00:59.747,0.96965,0.96995,2.40,2.40
2010.03.12 17:01:00.683,0.9697,0.97,2.40,2.40
2010.03.12 17:01:02.043,0.96975,0.97005,2.40,2.40
2010.03.12 17:01:02.442,0.9697,0.97,2.40,2.40
2010.03.12 17:01:03.212,0.96975,0.97005,2.40,2.40
2010.03.12 17:01:03.523,0.9697,0.97,2.40,2.40
2010.03.12 17:01:04.233,0.96975,0.97005,2.40,2.40
2010.03.12 17:01:04.904,0.9697,0.97,2.40,2.40
2010.03.12 17:01:05.102,0.96965,0.96995,2.40,2.40
2010.03.12 17:01:07.463,0.9697,0.97005,2.40,2.40
2010.03.12 17:01:08.052,0.9697,0.97,2.40,2.40
2010.03.12 17:01:08.391,0.96975,0.97005,2.40,2.40
2010.03.12 17:01:08.756,0.9697,0.97,2.40,2.40
2010.03.12 17:01:11.211,0.96975,0.97005,2.40,2.40
2010.03.12 17:01:11.550,0.9698,0.9701,2.40,2.40
2010.03.12 17:01:13.090,0.96985,0.97015,2.40,2.40
2010.03.12 17:01:16.400,0.96975,0.97005,2.40,2.40
2010.03.12 17:01:17.080,0.9697,0.97,2.40,2.40
2010.03.12 17:01:19.023,0.96975,0.97005,2.40,2.40
2010.03.12 17:01:21.146,0.96985,0.97015,2.40,2.40
2010.03.12 17:01:21.453,0.9698,0.9701,2.40,2.40
2010.03.12 17:01:23.089,0.96985,0.97015,2.40,2.40
2010.03.12 17:01:23.383,0.9698,0.9701,2.40,2.40
2010.03.12 17:01:23.717,0.96985,0.97015,2.40,2.40
2010.03.12 17:01:24.398,0.9698,0.97005,2.40,2.40
2010.03.12 17:01:24.738,0.96975,0.97005,2.40,2.40
2010.03.12 17:01:26.037,0.9697,0.97,2.40,2.40
2010.03.12 17:01:26.228,0.9698,0.9701,2.40,2.40
2010.03.12 17:01:29.347,0.96985,0.97015,2.40,2.40
2010.03.12 17:01:34.727,0.96995,0.97025,2.40,2.40
2010.03.12 17:01:34.825,0.9699,0.9702,2.40,2.40
2010.03.12 17:01:38.571,0.97005,0.97035,2.40,2.40
2010.03.12 17:01:39.280,0.9701,0.97045,2.40,2.40
2010.03.12 17:01:40.283,0.9701,0.9704,2.40,2.40
2010.03.12 17:01:41.245,0.97005,0.9704,2.40,2.40
2010.03.12 17:01:42.272,0.97005,0.9703,2.40,2.40
2010.03.12 17:01:43.583,0.97005,0.97035,2.40,2.40
2010.03.12 17:01:43.922,0.9701,0.9704,2.40,2.40
2010.03.12 17:01:45.222,0.97005,0.97035,2.40,2.40
2010.03.12 17:01:45.537,0.9701,0.9704,2.40,2.40
2010.03.12 17:01:46.622,0.97015,0.97045,2.40,2.40
2010.03.12 17:01:48.272,0.97015,0.9704,2.40,2.40
2010.03.12 17:01:50.511,0.9701,0.9704,2.40,2.40
2010.03.12 17:01:50.892,0.97015,0.97045,2.40,2.40
2010.03.12 17:01:52.701,0.9701,0.9704,2.40,2.40
2010.03.12 17:01:54.211,0.97015,0.97045,2.40,2.40
2010.03.12 17:01:54.551,0.9701,0.97045,2.40,2.40
2010.03.12 17:01:54.933,0.9701,0.9704,2.40,2.40
2010.03.12 17:01:58.252,0.97015,0.97045,2.40,2.40
2010.03.12 17:01:58.561,0.9701,0.9704,2.40,2.40
2010.03.12 17:01:58.904,0.9701,0.97035,2.40,2.40
2010.03.12 17:01:59.239,0.96995,0.97025,2.40,2.40
2010.03.12 17:02:00.749,0.9699,0.9702,2.40,2.40
2010.03.12 17:02:02.523,0.96985,0.97015,2.40,2.40
2010.03.12 17:02:02.838,0.96995,0.97025,2.40,2.40
2010.03.12 17:02:04.185,0.97,0.9703,2.40,2.40
2010.03.12 17:02:04.828,0.96995,0.9703,2.40,2.40
2010.03.12 17:02:07.507,0.96995,0.97025,2.40,2.40
2010.03.12 17:02:08.907,0.9699,0.97025,2.40,2.40
2010.03.12 17:02:09.510,0.9699,0.9702,2.40,2.40
2010.03.12 17:02:09.847,0.96985,0.97015,2.40,2.40
2010.03.12 17:02:11.925,0.9698,0.97015,2.40,2.40
2010.03.12 17:02:12.176,0.96975,0.97005,2.40,2.40
2010.03.12 17:02:12.426,0.9698,0.9701,2.40,2.40
2010.03.12 17:02:16.915,0.9699,0.9702,2.40,2.40
2010.03.12 17:02:19.374,0.96985,0.97015,2.40,2.40
2010.03.12 17:02:22.603,0.9698,0.9701,2.40,2.40
2010.03.12 17:02:22.863,0.96975,0.97005,2.40,2.40
2010.03.12 17:02:23.283,0.9698,0.9701,2.40,2.40
2010.03.12 17:02:23.545,0.9698,0.97005,2.40,2.40
2010.03.12 17:02:24.393,0.9697,0.97,2.40,2.40
2010.03.12 17:02:24.934,0.9698,0.97005,2.40,2.40
2010.03.12 17:02:28.725,0.9698,0.9701,2.40,2.40
2010.03.12 17:02:33.173,0.9698,0.97015,2.40,2.40
2010.03.12 17:02:33.403,0.96985,0.97015,2.40,2.40
2010.03.12 17:02:33.998,0.9698,0.97015,2.40,2.40
2010.03.12 17:02:34.331,0.9698,0.97005,2.40,2.40
2010.03.12 17:02:35.956,0.9698,0.97015,2.40,2.40
2010.03.12 17:02:36.217,0.9699,0.9702,2.40,2.40
2010.03.12 17:02:37.623,0.9698,0.97015,2.40,2.40
2010.03.12 17:02:38.116,0.9699,0.9702,2.40,2.40
2010.03.12 17:02:39.383,0.96995,0.97025,2.40,2.40
2010.03.12 17:02:39.590,0.97,0.9703,2.40,2.40
2010.03.12 17:02:39.799,0.9699,0.97025,2.40,2.40
2010.03.12 17:02:40.362,0.9699,0.9702,2.40,2.40
2010.03.12 17:02:40.958,0.9699,0.97025,2.40,2.40
2010.03.12 17:02:43.488,0.96985,0.9702,2.40,2.40
2010.03.12 17:02:43.828,0.9699,0.9702,2.40,2.40
2010.03.12 17:02:44.730,0.96985,0.97015,2.40,2.40
2010.03.12 17:02:45.339,0.96975,0.9701,2.40,2.40
2010.03.12 17:02:46.698,0.96985,0.97015,2.40,2.40
2010.03.12 17:02:55.945,0.9699,0.9702,2.40,2.40
2010.03.12 17:03:00.274,0.96995,0.9703,2.40,2.40
2010.03.12 17:03:00.668,0.97,0.9703,2.40,2.40
2010.03.12 17:03:04.653,0.96995,0.97025,2.40,2.40
2010.03.12 17:03:08.142,0.97,0.9703,2.40,2.40
2010.03.12 17:03:10.912,0.96995,0.97025,2.40,2.40
2010.03.12 17:03:11.871,0.97,0.9703,2.40,2.40
2010.03.12 17:03:12.784,0.9699,0.9702,2.40,2.40
2010.03.12 17:03:13.842,0.96995,0.97025,2.40,2.40
2010.03.12 17:03:14.182,0.9699,0.9702,2.40,2.40
2010.03.12 17:03:17.471,0.96995,0.97025,2.40,2.40
2010.03.12 17:03:17.553,0.97,0.9703,2.40,2.40
2010.03.12 17:03:18.030,0.96995,0.97025,2.40,2.40
2010.03.12 17:03:18.487,0.97,0.9703,2.40,2.40
2010.03.12 17:03:18.565,0.9699,0.9702,2.40,2.40
2010.03.12 17:03:20.380,0.96995,0.97025,2.40,2.40
2010.03.12 17:03:27.691,0.97,0.9703,2.40,2.40
2010.03.12 17:03:28.001,0.96995,0.97025,2.40,2.40
2010.03.12 17:03:28.667,0.9699,0.9702,2.40,2.40
2010.03.12 17:03:32.002,0.96995,0.9703,2.40,2.40
2010.03.12 17:03:34.417,0.96995,0.97025,2.40,2.40
2010.03.12 17:03:34.696,0.96995,0.9703,2.40,2.40
2010.03.12 17:03:35.865,0.96995,0.97025,2.40,2.40
2010.03.12 17:03:41.432,0.97,0.9703,2.40,2.40
2010.03.12 17:03:42.735,0.96995,0.97025,2.40,2.40
2010.03.12 17:03:43.004,0.9699,0.9702,2.40,2.40
2010.03.12 17:03:43.428,0.96995,0.97025,2.40,2.40
2010.03.12 17:03:43.750,0.97,0.9703,2.40,2.40
2010.03.12 17:03:44.884,0.96995,0.97025,2.40,2.40
2010.03.12 17:03:45.470,0.97,0.9703,2.40,2.40
2010.03.12 17:03:51.783,0.97005,0.97035,2.40,2.40
2010.03.12 17:03:52.123,0.97,0.9703,2.40,2.40
2010.03.12 17:03:52.738,0.9701,0.9704,2.40,2.40
2010.03.12 17:03:54.062,0.97015,0.9704,2.40,2.40
2010.03.12 17:03:56.588,0.97005,0.97035,2.40,2.40
2010.03.12 17:03:59.111,0.9701,0.97045,2.40,2.40
2010.03.12 17:03:59.390,0.9702,0.9705,2.40,2.40
2010.03.12 17:04:01.749,0.9701,0.97045,2.40,2.40
2010.03.12 17:04:02.049,0.9702,0.9705,2.40,2.40
2010.03.12 17:04:11.427,0.9701,0.9704,2.40,2.40
2010.03.12 17:04:11.817,0.97015,0.97045,2.40,2.40
2010.03.12 17:04:14.477,0.9702,0.9705,2.40,2.40
2010.03.12 17:04:16.026,0.97025,0.97055,2.40,2.40
2010.03.12 17:04:17.347,0.9703,0.9706,2.40,2.40
2010.03.12 17:04:20.546,0.97025,0.97055,2.40,2.40
2010.03.12 17:04:21.774,0.97015,0.97045,2.40,2.40
2010.03.12 17:04:25.874,0.9701,0.9704,2.40,2.40
2010.03.12 17:04:31.953,0.97015,0.97045,2.40,2.40
2010.03.12 17:04:36.551,0.9702,0.9705,2.40,2.40
2010.03.12 17:04:38.881,0.97015,0.97045,2.40,2.40
2010.03.12 17:04:49.589,0.97015,0.9705,2.40,2.40
2010.03.12 17:04:49.929,0.97025,0.97055,2.40,2.40
2010.03.12 17:04:53.467,0.9703,0.9706,2.40,1.00
2010.03.12 17:04:55.707,0.9703,0.9706,2.40,1.60
2010.03.12 17:04:57.366,0.97015,0.97045,2.40,1.60
2010.03.12 17:04:57.699,0.97025,0.97055,2.40,1.60
2010.03.12 17:04:57.976,0.97025,0.9706,2.40,2.40
2010.03.12 17:05:00.248,0.97025,0.97055,2.40,2.40
2010.03.12 17:05:02.988,0.9702,0.9705,2.40,2.40
2010.03.12 17:05:03.178,0.97025,0.9706,2.40,2.40
2010.03.12 17:05:05.266,0.9702,0.9705,2.40,2.40
2010.03.12 17:05:08.463,0.97015,0.97045,2.40,2.40
2010.03.12 17:05:08.725,0.9701,0.9704,2.40,2.40
2010.03.12 17:05:14.302,0.97015,0.97045,2.40,2.40
2010.03.12 17:05:15.361,0.9702,0.9705,2.40,2.40
2010.03.12 17:05:18.686,0.97015,0.97045,2.40,2.40
2010.03.12 17:05:18.791,0.97015,0.9704,2.40,2.40
2010.03.12 17:05:20.001,0.97015,0.97045,2.40,2.40
2010.03.12 17:05:21.470,0.9701,0.9704,2.40,2.40
2010.03.12 17:05:29.429,0.97015,0.9704,2.40,2.40
2010.03.12 17:05:30.388,0.9701,0.9704,2.40,2.40
2010.03.12 17:05:36.957,0.97005,0.97035,2.40,2.40
2010.03.12 17:05:40.846,0.97,0.9703,2.40,2.40
2010.03.12 17:05:49.894,0.97005,0.9704,2.40,2.40
2010.03.12 17:05:50.834,0.97015,0.9704,2.40,2.40
2010.03.12 17:06:15.457,0.97005,0.9704,2.40,2.40
2010.03.12 17:06:16.521,0.97,0.9703,2.40,2.40
2010.03.12 17:06:17.439,0.97005,0.9704,2.40,2.40
2010.03.12 17:06:22.575,0.97,0.97035,2.40,2.40
2010.03.12 17:06:22.959,0.97005,0.97035,2.40,2.40
2010.03.12 17:06:23.415,0.97,0.9703,2.40,2.40
2010.03.12 17:06:23.517,0.96995,0.97025,2.40,2.40
2010.03.12 17:06:24.298,0.96995,0.9703,2.40,2.40
2010.03.12 17:06:28.534,0.97,0.9703,2.40,2.40
2010.03.12 17:06:28.676,0.96995,0.97025,2.40,2.40
2010.03.12 17:06:29.486,0.97,0.9703,2.40,2.40
2010.03.12 17:06:30.068,0.9699,0.97025,2.40,2.40
2010.03.12 17:06:31.295,0.97,0.9703,2.40,2.40
2010.03.12 17:06:32.283,0.97005,0.97035,2.40,2.40
2010.03.12 17:06:34.124,0.97,0.9703,2.40,2.40
2010.03.12 17:06:35.460,0.96995,0.97025,2.40,2.40
2010.03.12 17:06:36.752,0.97,0.9703,2.40,2.40
2010.03.12 17:06:38.253,0.9699,0.9702,2.40,2.40
2010.03.12 17:06:38.772,0.96995,0.97025,2.40,2.40
2010.03.12 17:06:40.352,0.97005,0.97035,2.40,2.40
2010.03.12 17:06:42.902,0.9699,0.9702,2.40,2.40
2010.03.12 17:06:44.101,0.96995,0.97025,2.40,2.40
2010.03.12 17:06:46.091,0.96985,0.97015,2.40,2.40
2010.03.12 17:06:46.274,0.9699,0.9702,2.40,2.40
2010.03.12 17:06:49.330,0.96985,0.97015,2.40,2.40
2010.03.12 17:06:51.438,0.9698,0.9701,2.40,2.40
2010.03.12 17:06:54.308,0.96975,0.97005,2.40,2.40
2010.03.12 17:06:54.578,0.9698,0.9701,2.40,2.40
2010.03.12 17:07:21.298,0.96975,0.97005,2.40,2.40
2010.03.12 17:07:27.510,0.9697,0.97,2.40,2.40
2010.03.12 17:07:32.159,0.9698,0.9701,2.40,2.40
2010.03.12 17:07:34.448,0.96985,0.97015,2.40,2.40
2010.03.12 17:07:34.767,0.9698,0.9701,2.40,2.40
2010.03.12 17:07:42.806,0.96975,0.97005,2.40,2.40
2010.03.12 17:07:45.887,0.9697,0.96995,2.40,2.40
2010.03.12 17:07:48.377,0.96975,0.97005,2.40,2.40
2010.03.12 17:07:52.406,0.9697,0.96995,2.40,2.40
2010.03.12 17:07:52.799,0.9697,0.97,2.40,2.40
2010.03.12 17:07:53.075,0.96975,0.97005,2.40,2.40
2010.03.12 17:07:55.239,0.9697,0.97,2.40,2.40
2010.03.12 17:07:55.964,0.96975,0.97005,2.40,2.40
2010.03.12 17:07:57.803,0.9698,0.9701,2.40,2.40
2010.03.12 17:08:01.773,0.96975,0.97005,2.40,2.40
2010.03.12 17:08:05.167,0.9697,0.97,2.40,2.40
2010.03.12 17:08:05.451,0.96965,0.96995,2.40,2.40
2010.03.12 17:08:06.391,0.9697,0.97,2.40,2.40
2010.03.12 17:08:07.071,0.96975,0.97005,2.40,2.40
2010.03.12 17:08:07.821,0.96975,0.9701,2.40,2.40
2010.03.12 17:08:09.993,0.9697,0.97005,2.40,2.40
2010.03.12 17:08:11.066,0.96975,0.9701,2.40,2.40
2010.03.12 17:08:11.960,0.9698,0.97015,2.40,2.40
2010.03.12 17:08:16.161,0.9698,0.9701,2.40,2.40
2010.03.12 17:08:22.129,0.96975,0.9701,2.40,2.40
2010.03.12 17:08:23.834,0.9698,0.97015,2.40,2.40
2010.03.12 17:08:24.447,0.9699,0.9702,2.40,2.40
2010.03.12 17:08:24.800,0.96995,0.9703,2.40,2.40
2010.03.12 17:08:25.578,0.96985,0.97015,2.40,2.40
2010.03.12 17:08:25.919,0.96985,0.9702,2.40,2.40
2010.03.12 17:08:26.946,0.9698,0.97015,2.40,2.40
2010.03.12 17:08:27.633,0.96985,0.97015,2.40,2.40
2010.03.12 17:08:28.325,0.9698,0.97015,2.40,2.40
2010.03.12 17:08:29.388,0.96985,0.97015,2.40,2.40
2010.03.12 17:08:29.666,0.9698,0.9701,2.40,2.40
2010.03.12 17:08:30.365,0.96985,0.97015,2.40,2.40
2010.03.12 17:08:32.805,0.96985,0.9702,2.40,2.40
2010.03.12 17:08:34.308,0.96985,0.97015,2.40,2.40
2010.03.12 17:08:34.644,0.96985,0.9702,2.40,2.40
2010.03.12 17:08:39.522,0.96975,0.9701,2.40,2.40
2010.03.12 17:08:40.062,0.9698,0.97015,2.40,2.40
2010.03.12 17:08:41.444,0.96975,0.9701,2.40,2.40
2010.03.12 17:08:41.985,0.96985,0.9702,2.40,2.40
2010.03.12 17:08:42.344,0.9698,0.97015,2.40,2.40
2010.03.12 17:08:43.029,0.96975,0.9701,2.40,2.40
2010.03.12 17:08:43.374,0.9698,0.97015,2.40,2.40
2010.03.12 17:08:43.994,0.96975,0.9701,2.40,2.40
2010.03.12 17:08:48.236,0.96985,0.97015,2.40,2.40
2010.03.12 17:08:48.750,0.9698,0.97015,2.40,2.40
2010.03.12 17:08:49.086,0.9698,0.9701,2.40,2.40
2010.03.12 17:08:53.566,0.96975,0.9701,2.40,2.40
2010.03.12 17:08:54.049,0.96975,0.97005,2.40,2.40
2010.03.12 17:08:54.729,0.9698,0.97015,2.40,2.40
2010.03.12 17:08:56.840,0.96975,0.97005,2.40,2.40
2010.03.12 17:08:57.588,0.9697,0.97005,2.40,2.40
2010.03.12 17:08:58.528,0.96975,0.97005,2.40,2.40
2010.03.12 17:08:59.419,0.96975,0.9701,2.40,2.40
2010.03.12 17:09:07.076,0.9698,0.9701,2.40,2.40
2010.03.12 17:09:07.237,0.9698,0.97015,2.40,2.40
2010.03.12 17:09:08.576,0.96975,0.9701,2.40,2.40
2010.03.12 17:09:08.886,0.9698,0.9701,2.40,2.40
2010.03.12 17:09:09.406,0.9697,0.97005,2.40,2.40
2010.03.12 17:09:09.637,0.9698,0.9701,2.40,2.40
2010.03.12 17:09:10.044,0.9697,0.97005,2.40,2.40
2010.03.12 17:09:10.376,0.9698,0.9701,2.40,2.40
2010.03.12 17:09:11.142,0.9697,0.97005,2.40,2.40
2010.03.12 17:09:11.905,0.9698,0.9701,2.40,2.40
2010.03.12 17:09:13.069,0.96975,0.97005,2.40,2.40
2010.03.12 17:09:16.215,0.9698,0.9701,2.40,2.40
2010.03.12 17:09:26.314,0.96985,0.97015,2.40,2.40
2010.03.12 17:09:30.307,0.96985,0.9702,2.40,2.40
2010.03.12 17:09:30.441,0.9699,0.9702,2.40,2.40
2010.03.12 17:09:31.320,0.96985,0.9702,2.40,2.40
2010.03.12 17:09:31.730,0.9699,0.9702,2.40,2.40
2010.03.12 17:09:32.070,0.9698,0.97015,2.40,2.40
2010.03.12 17:09:33.749,0.96985,0.9702,2.40,2.40
2010.03.12 17:09:34.609,0.9699,0.97025,2.40,2.40
2010.03.12 17:09:38.290,0.96995,0.9703,2.40,2.40
2010.03.12 17:09:38.363,0.96985,0.97015,2.40,2.40
2010.03.12 17:09:38.986,0.9699,0.97025,2.40,2.40
2010.03.12 17:09:43.388,0.96985,0.9702,2.40,2.40
2010.03.12 17:09:44.037,0.96985,0.97015,2.40,2.40
2010.03.12 17:09:44.804,0.96985,0.9702,2.40,2.40
2010.03.12 17:09:45.137,0.96985,0.97015,2.40,2.40
2010.03.12 17:09:46.070,0.9699,0.9702,2.40,2.40
2010.03.12 17:09:47.566,0.9699,0.97025,2.40,2.40
2010.03.12 17:09:48.456,0.96995,0.97025,2.40,2.40
2010.03.12 17:09:52.445,0.96995,0.9703,2.40,2.40
2010.03.12 17:09:53.637,0.9699,0.9702,2.40,2.40
2010.03.12 17:09:53.927,0.97,0.97035,2.40,2.40
2010.03.12 17:09:54.605,0.96995,0.97025,2.40,2.40
2010.03.12 17:09:55.139,0.9699,0.97025,2.40,2.40
2010.03.12 17:09:55.465,0.96995,0.97025,2.40,2.40
2010.03.12 17:09:56.185,0.9698,0.97015,2.40,2.40
2010.03.12 17:09:56.518,0.96975,0.9701,2.40,2.40
2010.03.12 17:09:58.925,0.9699,0.9702,2.40,2.40
2010.03.12 17:09:58.985,0.9699,0.97025,2.40,2.40
2010.03.12 17:10:01.097,0.96995,0.9703,2.40,2.40
2010.03.12 17:10:02.163,0.96985,0.9702,2.40,2.40
2010.03.12 17:10:02.464,0.9699,0.9702,2.40,2.40
2010.03.12 17:10:03.572,0.96995,0.97025,2.40,2.40
2010.03.12 17:10:05.250,0.9699,0.9702,2.40,2.40
2010.03.12 17:10:05.702,0.96985,0.9702,2.40,2.40
2010.03.12 17:10:08.114,0.9699,0.97025,2.40,2.40
2010.03.12 17:10:11.895,0.97,0.97035,2.40,2.40
2010.03.12 17:10:11.947,0.96995,0.9703,2.40,2.40
2010.03.12 17:10:13.130,0.9699,0.97025,2.40,2.40
2010.03.12 17:10:16.249,0.96995,0.9703,2.40,2.40
2010.03.12 17:10:16.690,0.9699,0.9702,2.40,2.40
2010.03.12 17:10:16.800,0.96985,0.9702,2.40,2.40
2010.03.12 17:10:17.206,0.9699,0.97025,2.40,2.40
2010.03.12 17:10:17.290,0.9699,0.9702,2.40,2.40
2010.03.12 17:10:17.630,0.97,0.97035,2.40,2.40
2010.03.12 17:10:19.299,0.97005,0.97035,2.40,2.40
2010.03.12 17:10:19.630,0.97,0.9703,2.40,2.40
2010.03.12 17:10:20.738,0.96995,0.97035,2.40,2.40
2010.03.12 17:10:21.122,0.9699,0.9702,2.40,2.40
2010.03.12 17:10:24.451,0.96985,0.9702,2.40,2.40
2010.03.12 17:10:27.516,0.9698,0.97015,2.40,2.40
2010.03.12 17:10:29.773,0.96985,0.9702,2.40,2.40
2010.03.12 17:10:30.805,0.9698,0.97015,2.40,2.40
2010.03.12 17:10:31.150,0.96985,0.9702,2.40,2.40
2010.03.12 17:10:31.604,0.96985,0.97015,2.40,2.40
2010.03.12 17:10:32.585,0.96985,0.9702,2.40,2.40
2010.03.12 17:10:32.926,0.96985,0.97015,2.40,2.40
2010.03.12 17:10:34.045,0.96985,0.9702,2.40,2.40
2010.03.12 17:10:38.798,0.9698,0.97015,2.40,2.40
2010.03.12 17:10:43.930,0.9698,0.9701,2.40,2.40
2010.03.12 17:10:46.717,0.9698,0.97015,2.40,2.40
2010.03.12 17:10:47.253,0.9699,0.9702,2.40,2.40
2010.03.12 17:10:48.181,0.96985,0.97015,2.40,2.40
2010.03.12 17:10:48.392,0.96985,0.9702,2.40,2.40
2010.03.12 17:10:52.667,0.9698,0.9701,2.40,2.40
2010.03.12 17:10:57.393,0.9698,0.97015,2.40,2.40
2010.03.12 17:11:00.138,0.96975,0.9701,2.40,2.40
2010.03.12 17:11:01.470,0.9698,0.97015,2.40,2.40
2010.03.12 17:11:03.011,0.96985,0.9702,2.40,2.40
2010.03.12 17:11:03.348,0.9698,0.97015,2.40,2.40
2010.03.12 17:11:13.267,0.96985,0.9702,2.40,2.40
2010.03.12 17:11:13.675,0.9699,0.97025,2.40,2.40
2010.03.12 17:11:19.364,0.9699,0.9702,2.40,2.40
2010.03.12 17:11:21.334,0.96995,0.97025,2.40,2.40
2010.03.12 17:11:21.444,0.96985,0.9702,2.40,2.40
2010.03.12 17:11:21.919,0.9699,0.97025,2.40,2.40
2010.03.12 17:11:22.436,0.96985,0.9702,2.40,2.40
2010.03.12 17:11:23.774,0.9698,0.97015,2.40,2.40
2010.03.12 17:11:26.993,0.9698,0.9702,2.40,2.40
2010.03.12 17:11:29.765,0.9698,0.97015,2.40,2.40
2010.03.12 17:11:35.001,0.96985,0.97015,2.40,2.40
2010.03.12 17:11:38.241,0.9698,0.9701,2.40,2.40
2010.03.12 17:11:47.123,0.96975,0.9701,2.40,2.40
2010.03.12 17:11:47.278,0.96975,0.97005,2.40,2.40
2010.03.12 17:11:47.785,0.96985,0.97015,2.40,2.40
2010.03.12 17:11:49.187,0.96975,0.97005,2.40,2.40
2010.03.12 17:11:51.568,0.96975,0.9701,2.40,2.40
2010.03.12 17:11:53.596,0.9697,0.97005,2.40,2.40
2010.03.12 17:11:54.856,0.9697,0.97,2.40,2.40
2010.03.12 17:12:07.262,0.9697,0.97005,2.40,2.40
2010.03.12 17:12:07.622,0.9697,0.97,2.40,2.40
2010.03.12 17:12:14.482,0.9697,0.97005,2.40,2.40
2010.03.12 17:12:17.117,0.96975,0.9701,2.40,2.40
2010.03.12 17:12:17.390,0.96975,0.97005,2.40,2.40
2010.03.12 17:12:19.532,0.96975,0.9701,2.40,2.40
2010.03.12 17:12:20.109,0.9698,0.9701,2.40,2.40
2010.03.12 17:12:22.254,0.96975,0.97005,2.40,2.40
2010.03.12 17:12:23.876,0.9698,0.9701,2.40,2.40
2010.03.12 17:12:24.029,0.96985,0.97015,2.40,2.40
2010.03.12 17:12:24.616,0.9698,0.9701,2.40,2.40
2010.03.12 17:12:28.915,0.96985,0.9702,2.40,2.40
2010.03.12 17:12:29.808,0.96985,0.97015,2.40,2.40
2010.03.12 17:12:31.258,0.96985,0.9702,2.40,2.40
2010.03.12 17:12:32.746,0.96985,0.97015,2.40,2.40
2010.03.12 17:12:37.067,0.96985,0.9702,2.40,2.40
2010.03.12 17:12:45.376,0.96995,0.97025,2.40,2.40
2010.03.12 17:12:49.536,0.97,0.9703,2.40,2.40
2010.03.12 17:12:49.712,0.96995,0.97025,2.40,2.40
2010.03.12 17:12:50.052,0.9699,0.97025,2.40,2.40
2010.03.12 17:12:51.261,0.9699,0.9702,2.40,2.40
2010.03.12 17:12:51.723,0.96985,0.97025,2.40,2.40
2010.03.12 17:12:54.011,0.9699,0.9703,2.40,2.40
2010.03.12 17:12:55.191,0.96985,0.97025,2.40,2.40
2010.03.12 17:12:56.061,0.96995,0.97025,2.40,2.40
2010.03.12 17:12:58.262,0.96985,0.97015,2.40,2.40
2010.03.12 17:12:58.512,0.96975,0.9701,2.40,2.40
2010.03.12 17:12:58.825,0.9698,0.97015,2.40,2.40
2010.03.12 17:13:00.140,0.9698,0.9701,2.40,2.40
2010.03.12 17:13:00.350,0.9698,0.97015,2.40,2.40
2010.03.12 17:13:03.079,0.96975,0.9701,2.40,2.40
2010.03.12 17:13:13.566,0.9697,0.97005,2.40,2.40
2010.03.12 17:13:15.666,0.96975,0.9701,2.40,2.40
2010.03.12 17:13:18.253,0.9698,0.97015,2.40,2.40
2010.03.12 17:13:23.538,0.96985,0.97015,2.40,2.40
2010.03.12 17:13:23.875,0.9699,0.9702,2.40,2.40
2010.03.12 17:13:26.843,0.96995,0.97025,2.40,2.40
2010.03.12 17:13:27.404,0.9699,0.97025,2.40,2.40
2010.03.12 17:13:31.063,0.96995,0.97025,2.40,2.40
2010.03.12 17:13:31.415,0.9699,0.9702,2.40,2.40
2010.03.12 17:13:32.542,0.96985,0.9702,2.40,2.40
2010.03.12 17:13:35.741,0.9699,0.9702,2.40,2.40
2010.03.12 17:13:45.589,0.96995,0.97025,2.40,2.40
2010.03.12 17:13:47.279,0.96985,0.97015,2.40,2.40
2010.03.12 17:13:47.509,0.9699,0.97025,2.40,2.40
2010.03.12 17:13:48.928,0.96985,0.97015,2.40,2.40
2010.03.12 17:13:49.370,0.96995,0.97025,2.40,2.40
2010.03.12 17:13:49.703,0.96985,0.97015,2.40,2.40
2010.03.12 17:13:51.478,0.9698,0.9701,2.40,2.40
2010.03.12 17:13:52.054,0.96975,0.9701,2.40,2.40
2010.03.12 17:13:52.238,0.96985,0.97015,2.40,2.40
2010.03.12 17:13:52.676,0.9699,0.9702,2.40,2.40
2010.03.12 17:13:52.858,0.96985,0.97015,2.40,2.40
2010.03.12 17:13:54.078,0.96995,0.97025,2.40,2.40
2010.03.12 17:14:00.036,0.97,0.97035,2.40,2.40
2010.03.12 17:14:00.998,0.96995,0.97025,2.40,2.40
2010.03.12 17:14:03.125,0.96995,0.9703,2.40,2.40
2010.03.12 17:14:03.796,0.97005,0.97035,2.40,2.40
2010.03.12 17:14:04.932,0.96995,0.9703,2.40,2.40
2010.03.12 17:14:11.473,0.9699,0.9703,2.40,2.40
2010.03.12 17:14:12.462,0.9699,0.9702,2.40,2.40
2010.03.12 17:14:16.832,0.9699,0.9703,2.40,2.40
2010.03.12 17:14:17.532,0.96985,0.9702,2.40,2.40
2010.03.12 17:14:17.917,0.9698,0.9701,2.40,2.40
2010.03.12 17:14:18.254,0.96975,0.97015,2.40,2.40
2010.03.12 17:14:19.572,0.96985,0.97015,2.40,2.40
2010.03.12 17:14:26.419,0.9698,0.97015,2.40,2.40
2010.03.12 17:14:30.478,0.96985,0.9702,2.40,2.40
2010.03.12 17:14:30.954,0.9698,0.97015,2.40,2.40
2010.03.12 17:14:31.108,0.9699,0.9702,2.40,2.40
2010.03.12 17:14:34.937,0.96985,0.9702,2.40,2.40
2010.03.12 17:14:36.818,0.9698,0.9701,2.40,2.40
2010.03.12 17:14:37.347,0.96985,0.97015,2.40,2.40
2010.03.12 17:14:38.247,0.96995,0.97025,2.40,2.40
2010.03.12 17:14:41.787,0.96995,0.9703,2.40,2.40
2010.03.12 17:14:42.356,0.9699,0.97025,2.40,2.40
2010.03.12 17:14:42.475,0.96995,0.97025,2.40,2.40
2010.03.12 17:14:43.736,0.9698,0.97015,2.40,2.40
2010.03.12 17:14:44.082,0.9699,0.9702,2.40,2.40
2010.03.12 17:14:45.182,0.96985,0.9702,2.40,2.40
2010.03.12 17:14:46.352,0.96985,0.97015,2.40,2.40
2010.03.12 17:14:46.696,0.9698,0.9701,2.40,2.40
2010.03.12 17:14:49.393,0.96975,0.97005,2.40,2.40
2010.03.12 17:14:54.101,0.9698,0.9701,2.40,2.40
2010.03.12 17:14:54.334,0.9698,0.97015,2.40,2.40
2010.03.12 17:14:55.132,0.9698,0.9701,2.40,2.40
2010.03.12 17:14:56.691,0.96985,0.97015,2.40,2.40
2010.03.12 17:14:58.061,0.9699,0.9702,2.40,2.40
2010.03.12 17:15:01.301,0.96985,0.97015,2.40,2.40
2010.03.12 17:15:02.070,0.9699,0.9702,2.40,2.40
2010.03.12 17:15:08.505,0.9698,0.9701,2.40,2.40
2010.03.12 17:15:08.840,0.96985,0.97015,2.40,2.40
2010.03.12 17:15:09.180,0.9698,0.9701,2.40,2.40
2010.03.12 17:15:09.525,0.96985,0.97015,2.40,2.40
2010.03.12 17:15:16.147,0.96985,0.9702,2.40,2.40
2010.03.12 17:15:20.131,0.9699,0.97025,2.40,2.40
2010.03.12 17:15:20.839,0.96995,0.97025,2.40,2.40
2010.03.12 17:15:21.089,0.9699,0.9702,2.40,2.40
2010.03.12 17:15:28.064,0.96985,0.97015,2.40,2.40
2010.03.12 17:15:28.480,0.96995,0.97025,2.40,2.40
2010.03.12 17:15:35.702,0.97,0.9703,2.40,2.40
2010.03.12 17:15:36.932,0.9699,0.9703,2.40,2.40
2010.03.12 17:15:47.472,0.96995,0.9703,2.40,2.40
2010.03.12 17:15:55.659,0.9699,0.97025,2.40,2.40
2010.03.12 17:16:00.667,0.9699,0.9702,2.40,2.40
2010.03.12 17:16:04.452,0.96985,0.97015,2.40,2.40
2010.03.12 17:16:04.746,0.96975,0.9701,2.40,2.40
2010.03.12 17:16:06.365,0.96975,0.97005,2.40,2.40
2010.03.12 17:16:07.085,0.96975,0.9701,2.40,2.40
2010.03.12 17:16:07.784,0.96975,0.97005,2.40,2.40
2010.03.12 17:16:13.576,0.96985,0.97015,2.40,2.40
2010.03.12 17:16:22.741,0.9699,0.9702,2.40,2.40
2010.03.12 17:16:23.041,0.96995,0.97025,2.40,2.40
2010.03.12 17:16:23.340,0.96995,0.9703,2.40,2.40
2010.03.12 17:16:29.218,0.96985,0.9702,2.40,2.40
2010.03.12 17:16:31.308,0.9699,0.9702,2.40,2.40
2010.03.12 17:16:31.769,0.9699,0.97025,2.40,2.40
2010.03.12 17:16:33.109,0.96995,0.97025,2.40,2.40
2010.03.12 17:16:34.937,0.9699,0.97025,2.40,2.40
2010.03.12 17:16:36.688,0.9699,0.9702,2.40,2.40
2010.03.12 17:16:38.567,0.96995,0.97025,2.40,2.40
2010.03.12 17:16:46.728,0.97,0.9703,2.40,2.40
2010.03.12 17:16:46.826,0.96985,0.9702,2.40,2.40
2010.03.12 17:16:47.325,0.9699,0.97025,2.40,2.40
2010.03.12 17:16:55.276,0.9699,0.9702,2.40,2.40
2010.03.12 17:16:57.262,0.9699,0.97025,2.40,2.40
2010.03.12 17:16:58.222,0.96995,0.9703,2.40,2.40
2010.03.12 17:16:58.822,0.9699,0.97025,2.40,2.40
2010.03.12 17:16:59.983,0.96985,0.9702,2.40,2.40
2010.03.12 17:17:01.732,0.9699,0.97025,2.40,2.40
2010.03.12 17:17:02.261,0.96985,0.9702,2.40,2.40
2010.03.12 17:17:03.821,0.9698,0.9701,2.40,2.40
2010.03.12 17:17:04.700,0.96975,0.97005,2.40,2.40
2010.03.12 17:17:05.241,0.9698,0.9701,2.40,2.40
2010.03.12 17:17:06.280,0.96975,0.97005,2.40,2.40
2010.03.12 17:17:06.699,0.9698,0.97015,2.40,2.40
2010.03.12 17:17:07.030,0.96985,0.9702,2.40,2.40
2010.03.12 17:17:10.540,0.9698,0.97015,2.40,2.40
2010.03.12 17:17:21.298,0.96985,0.9702,2.40,2.40
2010.03.12 17:17:21.536,0.96995,0.97025,2.40,2.40
2010.03.12 17:17:22.180,0.96985,0.9702,2.40,2.40
2010.03.12 17:17:22.477,0.9699,0.97025,2.40,2.40
2010.03.12 17:17:30.574,0.96985,0.97025,2.40,2.40
2010.03.12 17:17:34.277,0.96985,0.97015,2.40,2.40
2010.03.12 17:17:39.648,0.9698,0.9701,2.40,2.40
2010.03.12 17:17:43.503,0.96975,0.97005,2.40,2.40
2010.03.12 17:18:23.092,0.9697,0.97,2.40,2.40
2010.03.12 17:18:23.972,0.9697,0.97005,2.40,2.40
2010.03.12 17:18:24.377,0.96975,0.9701,2.40,2.40
2010.03.12 17:18:26.217,0.9698,0.9701,2.40,2.40
2010.03.12 17:18:37.561,0.96975,0.9701,2.40,2.40
2010.03.12 17:18:39.478,0.9698,0.9701,2.40,2.40
2010.03.12 17:19:04.933,0.9697,0.97,2.40,2.40
2010.03.12 17:19:10.700,0.96975,0.97005,2.40,2.40
2010.03.12 17:19:11.023,0.96965,0.97,2.40,2.40
2010.03.12 17:19:11.592,0.96975,0.97005,2.40,2.40
2010.03.12 17:19:12.982,0.96965,0.97,2.40,2.40
2010.03.12 17:19:13.320,0.9696,0.96995,2.40,2.40
2010.03.12 17:19:13.660,0.9697,0.97,2.40,2.40
2010.03.12 17:19:14.026,0.9697,0.97005,2.40,2.40
2010.03.12 17:19:14.231,0.9697,0.97,2.40,2.40
2010.03.12 17:19:14.742,0.96975,0.97005,2.40,2.40
2010.03.12 17:19:15.061,0.9697,0.97,2.40,2.40
2010.03.12 17:19:17.490,0.96975,0.97005,2.40,2.40
2010.03.12 17:19:23.347,0.9697,0.97,2.40,2.40
2010.03.12 17:19:30.151,0.96965,0.97,2.40,2.40
2010.03.12 17:19:31.666,0.9698,0.9701,2.40,2.40
2010.03.12 17:19:33.574,0.96985,0.97015,2.40,2.40
2010.03.12 17:19:38.095,0.9698,0.9701,2.40,2.40
2010.03.12 17:19:44.242,0.96985,0.97015,2.40,2.40
2010.03.12 17:19:45.689,0.9698,0.9701,2.40,2.40
2010.03.12 17:19:46.412,0.96985,0.9702,2.40,2.40
2010.03.12 17:19:46.961,0.9699,0.97025,2.40,2.40
2010.03.12 17:19:49.834,0.96985,0.9702,2.40,2.40
2010.03.12 17:19:50.345,0.96985,0.97015,2.40,2.40
2010.03.12 17:19:50.795,0.96985,0.9702,2.40,2.40
2010.03.12 17:19:52.460,0.96985,0.97015,2.40,2.40
2010.03.12 17:19:54.536,0.96975,0.9701,2.40,2.40
2010.03.12 17:19:55.245,0.96975,0.97005,2.40,2.40
2010.03.12 17:19:55.580,0.9697,0.97005,2.40,2.40
2010.03.12 17:19:56.691,0.9698,0.97015,2.40,2.40
2010.03.12 17:19:57.618,0.9698,0.9701,2.40,2.40
2010.03.12 17:19:59.465,0.96985,0.97015,2.40,2.40
2010.03.12 17:20:05.228,0.9698,0.9701,2.40,2.40
2010.03.12 17:20:09.826,0.96985,0.97015,2.40,2.40
2010.03.12 17:20:18.955,0.9698,0.9701,2.40,2.40
2010.03.12 17:20:19.286,0.9698,0.97015,2.40,2.40
2010.03.12 17:20:19.978,0.96985,0.9702,2.40,2.40
2010.03.12 17:20:23.922,0.9699,0.9702,2.40,2.40
2010.03.12 17:20:24.095,0.96985,0.9702,2.40,2.40
2010.03.12 17:20:25.152,0.9698,0.97015,2.40,2.40
2010.03.12 17:20:28.264,0.9699,0.9702,2.40,2.40
2010.03.12 17:20:30.021,0.96985,0.9702,2.40,2.40
2010.03.12 17:20:31.117,0.9699,0.9702,2.40,2.40
2010.03.12 17:20:33.570,0.96995,0.97025,2.40,2.40
2010.03.12 17:20:33.934,0.96985,0.9702,2.40,2.40
2010.03.12 17:20:35.010,0.9698,0.97015,2.40,2.40
2010.03.12 17:20:38.049,0.9698,0.9701,2.40,2.40
2010.03.12 17:20:38.467,0.9698,0.97015,2.40,2.40
2010.03.12 17:20:38.569,0.96985,0.97015,2.40,2.40
2010.03.12 17:20:38.880,0.9699,0.9702,2.40,2.40
2010.03.12 17:20:39.689,0.96985,0.9702,2.40,2.40
2010.03.12 17:20:40.579,0.9698,0.97015,2.40,2.40
2010.03.12 17:20:48.458,0.96985,0.9702,2.40,2.40
2010.03.12 17:20:48.646,0.9698,0.97015,2.40,2.40
2010.03.12 17:20:49.546,0.96985,0.9702,2.40,2.40
2010.03.12 17:20:50.906,0.9698,0.9701,2.40,2.40
2010.03.12 17:20:52.345,0.9697,0.97005,2.40,2.40
2010.03.12 17:20:58.297,0.96975,0.97005,2.40,2.40
2010.03.12 17:20:59.644,0.9697,0.97,2.40,2.40
2010.03.12 17:21:00.584,0.96965,0.96995,2.40,2.40
2010.03.12 17:21:02.123,0.9697,0.97,2.40,2.40
2010.03.12 17:21:02.672,0.9696,0.96995,2.40,2.40
2010.03.12 17:21:02.789,0.9697,0.97005,2.40,2.40
2010.03.12 17:21:03.226,0.96965,0.96995,2.40,2.40
2010.03.12 17:21:07.620,0.9696,0.96995,2.40,2.40
2010.03.12 17:21:09.334,0.96965,0.96995,2.40,2.40
2010.03.12 17:21:09.981,0.96965,0.97,2.40,2.40
2010.03.12 17:21:10.049,0.9696,0.96995,2.40,2.40
2010.03.12 17:21:11.955,0.96965,0.96995,2.40,2.40
2010.03.12 17:21:24.458,0.96955,0.9699,2.40,2.40
2010.03.12 17:21:25.009,0.9696,0.96995,2.40,2.40
2010.03.12 17:21:25.268,0.96965,0.97,2.40,2.40
2010.03.12 17:21:25.839,0.9696,0.96995,2.40,2.40
2010.03.12 17:21:29.177,0.9697,0.97,2.40,2.40
2010.03.12 17:21:30.026,0.96975,0.97005,2.40,2.40
2010.03.12 17:21:30.748,0.9697,0.97005,2.40,2.40
2010.03.12 17:21:33.106,0.96965,0.96995,2.40,2.40
2010.03.12 17:21:33.296,0.96965,0.97,2.40,2.40
2010.03.12 17:21:33.767,0.9697,0.97005,2.40,2.40
2010.03.12 17:21:34.078,0.96975,0.97005,2.40,2.40
2010.03.12 17:21:38.484,0.96985,0.97015,2.40,2.40
2010.03.12 17:21:39.406,0.9698,0.9701,2.40,2.40
2010.03.12 17:21:39.844,0.96975,0.9701,2.40,2.40
2010.03.12 17:21:40.784,0.9698,0.9701,2.40,2.40
2010.03.12 17:21:41.014,0.96975,0.97005,2.40,2.40
2010.03.12 17:21:41.410,0.9698,0.9701,2.40,2.40
2010.03.12 17:21:43.335,0.9698,0.97015,2.40,2.40
2010.03.12 17:21:44.273,0.9698,0.9701,2.40,2.40
2010.03.12 17:21:46.959,0.96975,0.9701,2.40,2.40
2010.03.12 17:21:52.201,0.9698,0.9701,2.40,2.40
2010.03.12 17:22:03.907,0.9698,0.97015,2.40,2.40
2010.03.12 17:22:04.119,0.96975,0.9701,2.40,2.40
2010.03.12 17:22:04.330,0.96965,0.97,2.40,2.40
2010.03.12 17:22:04.632,0.9696,0.96995,2.40,2.40
2010.03.12 17:22:04.908,0.96965,0.97,2.40,2.40
2010.03.12 17:22:05.188,0.9696,0.96995,2.40,2.40
2010.03.12 17:22:06.937,0.96965,0.97,2.40,2.40
2010.03.12 17:22:07.787,0.9696,0.96995,2.40,2.40
2010.03.12 17:22:09.298,0.96965,0.97,2.40,2.40
2010.03.12 17:22:09.777,0.9696,0.9699,2.40,2.40
2010.03.12 17:22:10.529,0.9696,0.96995,2.40,2.40
2010.03.12 17:22:11.520,0.96965,0.97,2.40,2.40
2010.03.12 17:22:11.856,0.96955,0.9699,2.40,2.40
2010.03.12 17:22:12.566,0.9694,0.9698,2.40,2.40
2010.03.12 17:22:12.757,0.96945,0.9698,2.40,2.40
2010.03.12 17:22:13.770,0.96945,0.96975,2.40,2.40
2010.03.12 17:22:14.487,0.9695,0.96985,2.40,2.40
2010.03.12 17:22:16.837,0.96955,0.96985,2.40,2.40
2010.03.12 17:22:18.575,0.96945,0.9698,2.40,2.40
2010.03.12 17:22:20.275,0.96955,0.96985,2.40,2.40
2010.03.12 17:22:20.736,0.9695,0.9698,2.40,2.40
2010.03.12 17:22:21.014,0.96955,0.96985,2.40,2.40
2010.03.12 17:22:24.063,0.9696,0.9699,2.40,2.40
2010.03.12 17:22:24.975,0.96955,0.96985,2.40,2.40
2010.03.12 17:22:26.327,0.9695,0.9698,2.40,2.40
2010.03.12 17:22:26.623,0.96945,0.9698,2.40,2.40
2010.03.12 17:22:27.283,0.9694,0.96975,2.40,2.40
2010.03.12 17:22:27.883,0.96945,0.9698,2.40,2.40
2010.03.12 17:22:30.496,0.96955,0.96985,2.40,2.40
2010.03.12 17:22:32.352,0.96955,0.9699,2.40,2.40
2010.03.12 17:22:32.501,0.96955,0.96985,2.40,2.40
2010.03.12 17:22:32.651,0.96955,0.9699,2.40,2.40
2010.03.12 17:22:35.357,0.9696,0.9699,2.40,2.40
2010.03.12 17:22:35.710,0.96945,0.96975,2.40,2.40
2010.03.12 17:22:36.491,0.9696,0.9699,2.40,2.40
2010.03.12 17:22:37.600,0.96955,0.96985,2.40,2.40
2010.03.12 17:22:41.941,0.9695,0.9698,2.40,2.40
2010.03.12 17:22:42.019,0.9696,0.9699,2.40,2.40
2010.03.12 17:22:42.220,0.96955,0.96985,2.40,2.40
2010.03.12 17:22:45.598,0.96955,0.9699,2.40,2.40
2010.03.12 17:22:46.920,0.9695,0.96985,2.40,2.40
2010.03.12 17:22:49.794,0.96955,0.96985,2.40,2.40
2010.03.12 17:22:50.247,0.96955,0.9699,2.40,2.40
2010.03.12 17:22:51.357,0.9696,0.96995,2.40,2.40
2010.03.12 17:22:52.901,0.96955,0.9699,2.40,2.40
2010.03.12 17:22:56.161,0.96955,0.96985,2.40,2.40
2010.03.12 17:22:56.396,0.9695,0.96985,2.40,2.40
2010.03.12 17:22:57.316,0.96935,0.96965,2.40,2.40
2010.03.12 17:22:57.656,0.96945,0.9698,2.40,2.40
2010.03.12 17:22:58.090,0.9695,0.9698,2.40,2.40
2010.03.12 17:22:58.247,0.9695,0.96985,2.40,2.40
2010.03.12 17:22:58.805,0.96955,0.9699,2.40,2.40
2010.03.12 17:23:01.111,0.96965,0.96995,2.40,2.40
2010.03.12 17:23:04.067,0.96965,0.97,2.40,2.40
2010.03.12 17:23:12.523,0.9696,0.9699,2.40,2.40
2010.03.12 17:23:12.932,0.96955,0.96985,2.40,2.40
2010.03.12 17:23:14.976,0.96955,0.9699,2.40,2.40
2010.03.12 17:23:16.261,0.9696,0.96995,2.40,2.40
2010.03.12 17:23:18.740,0.96955,0.9699,2.40,2.40
2010.03.12 17:23:20.390,0.96955,0.96985,2.40,2.40
2010.03.12 17:23:20.632,0.96955,0.9699,2.40,2.40
2010.03.12 17:23:28.278,0.96945,0.9698,2.40,2.40
2010.03.12 17:23:28.498,0.9694,0.96975,2.40,2.40
2010.03.12 17:23:29.159,0.96945,0.9698,2.40,2.40
2010.03.12 17:23:29.378,0.9694,0.96975,2.40,2.40
2010.03.12 17:23:33.367,0.96945,0.9698,2.40,2.40
2010.03.12 17:23:39.630,0.96945,0.96975,2.40,2.40
2010.03.12 17:23:39.915,0.9696,0.9699,2.40,2.40
2010.03.12 17:23:40.327,0.9695,0.9698,2.40,2.40
2010.03.12 17:23:40.495,0.96955,0.9699,2.40,2.40
2010.03.12 17:23:42.045,0.9696,0.96995,2.40,2.40
2010.03.12 17:23:42.385,0.96965,0.96995,2.40,2.40
2010.03.12 17:23:43.095,0.9696,0.9699,2.40,2.40
2010.03.12 17:23:43.774,0.96965,0.96995,2.40,2.40
2010.03.12 17:23:44.244,0.9697,0.97,2.40,2.40
2010.03.12 17:23:44.895,0.96965,0.97,2.40,2.40
2010.03.12 17:23:45.733,0.9696,0.96995,2.40,2.40
2010.03.12 17:23:46.362,0.9696,0.9699,2.40,2.40
2010.03.12 17:23:47.534,0.96955,0.96985,2.40,2.40
2010.03.12 17:23:48.134,0.9696,0.9699,2.40,2.40
2010.03.12 17:23:49.104,0.96965,0.96995,2.40,2.40
2010.03.12 17:23:51.394,0.96955,0.96985,2.40,2.40
2010.03.12 17:23:52.212,0.9695,0.9698,2.40,2.40
2010.03.12 17:23:53.183,0.96945,0.9698,2.40,2.40
2010.03.12 17:23:55.906,0.9695,0.9698,2.40,2.40
2010.03.12 17:23:56.271,0.96945,0.9698,2.40,2.40
2010.03.12 17:23:57.471,0.9695,0.9698,2.40,2.40
2010.03.12 17:23:57.961,0.96945,0.9698,2.40,2.40
2010.03.12 17:23:58.267,0.9695,0.9698,2.40,2.40
2010.03.12 17:23:58.362,0.9694,0.96975,2.40,2.40
2010.03.12 17:24:04.840,0.9694,0.9697,2.40,2.40
2010.03.12 17:24:06.399,0.96935,0.96965,2.40,2.40
2010.03.12 17:24:06.739,0.9694,0.9697,2.40,2.40
2010.03.12 17:24:10.049,0.9694,0.96975,2.40,2.40
2010.03.12 17:24:11.438,0.9694,0.9697,2.40,2.40
2010.03.12 17:24:11.778,0.9694,0.96975,2.40,2.40
2010.03.12 17:24:11.978,0.9694,0.9697,2.40,2.40
2010.03.12 17:24:17.948,0.9694,0.96975,2.40,2.40
2010.03.12 17:24:19.087,0.9694,0.9697,2.40,2.40
2010.03.12 17:24:24.204,0.9694,0.96975,2.40,2.40
2010.03.12 17:24:32.199,0.96935,0.9697,2.40,2.40
2010.03.12 17:24:32.344,0.9694,0.96975,2.40,2.40
2010.03.12 17:24:32.593,0.96945,0.9698,2.40,2.40
2010.03.12 17:24:33.133,0.9694,0.9697,2.40,2.40
2010.03.12 17:24:34.503,0.9695,0.9698,2.40,2.40
2010.03.12 17:24:34.852,0.96945,0.96975,2.40,2.40
2010.03.12 17:24:35.752,0.9695,0.96985,2.40,2.40
2010.03.12 17:24:38.492,0.96945,0.9698,2.40,2.40
2010.03.12 17:24:38.661,0.9694,0.96975,2.40,2.40
2010.03.12 17:24:40.900,0.96945,0.9698,2.40,2.40
2010.03.12 17:24:44.460,0.9694,0.96975,2.40,2.40
2010.03.12 17:24:54.237,0.96945,0.9698,2.40,2.40
2010.03.12 17:24:54.674,0.9695,0.96985,2.40,2.40
2010.03.12 17:24:55.515,0.9694,0.96975,2.40,2.40
2010.03.12 17:25:04.627,0.96945,0.96975,2.40,2.40
2010.03.12 17:25:08.564,0.9695,0.96985,2.40,2.40
2010.03.12 17:25:09.694,0.96945,0.96975,2.40,2.40
2010.03.12 17:25:09.933,0.9695,0.96985,2.40,2.40
2010.03.12 17:25:12.193,0.96945,0.96975,2.40,2.40
2010.03.12 17:25:12.823,0.9695,0.96985,2.40,2.40
2010.03.12 17:25:26.610,0.96955,0.9699,2.40,2.40
2010.03.12 17:25:28.099,0.9695,0.96985,2.40,2.40
2010.03.12 17:25:31.748,0.96945,0.9698,2.40,2.40
2010.03.12 17:25:35.340,0.9695,0.96985,2.40,2.40
2010.03.12 17:25:36.997,0.96955,0.9699,2.40,2.40
2010.03.12 17:25:37.147,0.9696,0.96995,2.40,2.40
2010.03.12 17:25:37.297,0.96955,0.9699,2.40,2.40
2010.03.12 17:25:37.988,0.96955,0.96985,2.40,2.40
2010.03.12 17:25:38.657,0.96955,0.9699,2.40,2.40
2010.03.12 17:25:42.153,0.9696,0.96995,2.40,2.40
2010.03.12 17:25:42.357,0.96955,0.9699,2.40,2.40
2010.03.12 17:25:42.566,0.9695,0.9698,2.40,2.40
2010.03.12 17:25:43.096,0.96955,0.9699,2.40,2.40
2010.03.12 17:25:43.377,0.9695,0.9699,2.40,2.40
2010.03.12 17:25:45.145,0.96955,0.9699,2.40,2.40
2010.03.12 17:25:48.744,0.9695,0.9698,2.40,2.40
2010.03.12 17:25:49.086,0.96955,0.96985,2.40,2.40
2010.03.12 17:25:49.437,0.96955,0.9699,2.40,2.40
2010.03.12 17:25:49.565,0.9695,0.96985,2.40,2.40
2010.03.12 17:25:50.134,0.9695,0.9698,2.40,2.40
2010.03.12 17:25:51.426,0.96945,0.9698,2.40,2.40
2010.03.12 17:25:53.456,0.96945,0.96985,2.40,2.40
2010.03.12 17:25:53.733,0.9695,0.96985,2.40,2.40
2010.03.12 17:25:54.413,0.96945,0.9698,2.40,2.40
2010.03.12 17:25:56.777,0.9694,0.96975,2.40,2.40
2010.03.12 17:25:57.522,0.96945,0.9698,2.40,2.40
2010.03.12 17:26:00.921,0.9694,0.96975,2.40,2.40
2010.03.12 17:26:02.311,0.96945,0.9698,2.40,2.40
2010.03.12 17:26:04.007,0.9695,0.9698,2.40,2.40
2010.03.12 17:26:04.261,0.96945,0.9698,2.40,2.40
2010.03.12 17:26:05.784,0.9694,0.96975,2.40,2.40
2010.03.12 17:26:08.681,0.9695,0.9698,2.40,2.40
2010.03.12 17:26:09.321,0.96945,0.9698,2.40,2.40
2010.03.12 17:26:10.523,0.9694,0.96975,2.40,2.40
2010.03.12 17:26:10.577,0.96935,0.96965,2.40,2.40
2010.03.12 17:26:10.673,0.96945,0.96975,2.40,2.40
2010.03.12 17:26:11.189,0.96955,0.96985,2.40,2.40
2010.03.12 17:26:11.295,0.96945,0.9698,2.40,2.40
2010.03.12 17:26:11.972,0.9694,0.9698,2.40,2.40
2010.03.12 17:26:12.659,0.96945,0.9698,2.40,2.40
2010.03.12 17:26:12.919,0.9695,0.9698,2.40,2.40
2010.03.12 17:26:13.510,0.96955,0.9699,2.40,2.40
2010.03.12 17:26:14.478,0.96945,0.9698,2.40,2.40
2010.03.12 17:26:15.214,0.96955,0.9699,2.40,2.40
2010.03.12 17:26:15.399,0.96945,0.96985,2.40,2.40
2010.03.12 17:26:16.667,0.96945,0.9698,2.40,2.40
2010.03.12 17:26:17.849,0.9695,0.9698,2.40,2.40
2010.03.12 17:26:18.142,0.96945,0.9698,2.40,2.40
2010.03.12 17:26:19.497,0.9695,0.96985,2.40,2.40
2010.03.12 17:26:19.727,0.96945,0.9698,2.40,2.40
2010.03.12 17:26:20.377,0.9695,0.9698,2.40,2.40
2010.03.12 17:26:21.127,0.96955,0.96985,2.40,2.40
2010.03.12 17:26:23.147,0.9695,0.9698,2.40,2.40
2010.03.12 17:26:28.187,0.96955,0.96985,2.40,2.40
2010.03.12 17:26:28.325,0.96945,0.9698,2.40,2.40
2010.03.12 17:26:29.132,0.9694,0.96975,2.40,2.40
2010.03.12 17:26:31.354,0.9695,0.96985,2.40,2.40
2010.03.12 17:26:37.813,0.96945,0.9698,2.40,2.40
2010.03.12 17:26:43.501,0.9694,0.96975,2.40,2.40
2010.03.12 17:26:43.861,0.9694,0.9697,2.40,2.40
2010.03.12 17:26:56.718,0.9694,0.9697,2.40,1.60
2010.03.12 17:26:59.607,0.96945,0.9698,2.40,1.60
2010.03.12 17:27:00.367,0.9694,0.96975,2.40,1.60
2010.03.12 17:27:00.957,0.9694,0.96975,2.40,2.40
2010.03.12 17:27:01.679,0.9694,0.9697,2.40,2.40
2010.03.12 17:27:02.538,0.9693,0.96965,2.40,2.40
2010.03.12 17:27:02.976,0.9694,0.96975,2.40,2.40
2010.03.12 17:27:03.316,0.9694,0.9697,2.40,2.40
2010.03.12 17:27:06.585,0.9693,0.96965,2.40,2.40
2010.03.12 17:27:08.155,0.96935,0.9697,2.40,2.40
2010.03.12 17:27:08.256,0.9694,0.96975,2.40,2.40
2010.03.12 17:27:14.985,0.96945,0.9698,2.40,2.40
2010.03.12 17:27:16.764,0.9694,0.96975,2.40,2.40
2010.03.12 17:27:20.673,0.96935,0.96965,2.40,2.40
2010.03.12 17:27:29.712,0.96945,0.96975,2.40,2.40
2010.03.12 17:27:29.932,0.96945,0.9698,2.40,2.40
2010.03.12 17:27:30.830,0.9694,0.96975,2.40,2.40
2010.03.12 17:27:31.629,0.9694,0.9697,2.40,1.60
2010.03.12 17:27:31.919,0.96935,0.96965,2.40,1.60
2010.03.12 17:27:32.980,0.9693,0.9696,2.40,1.60
2010.03.12 17:27:33.358,0.9693,0.9696,2.40,2.40
2010.03.12 17:27:33.699,0.96925,0.9696,2.40,2.40
2010.03.12 17:27:34.480,0.9692,0.96955,2.40,2.40
2010.03.12 17:27:35.301,0.9693,0.9696,2.40,2.40
2010.03.12 17:27:35.558,0.9693,0.96965,2.40,2.40
2010.03.12 17:27:36.094,0.9693,0.9696,2.40,2.40
2010.03.12 17:27:36.381,0.96935,0.96965,2.40,2.40
2010.03.12 17:27:36.669,0.9693,0.96965,2.40,2.40
2010.03.12 17:27:37.370,0.9693,0.9696,2.40,2.40
2010.03.12 17:27:38.069,0.96935,0.9697,2.40,2.40
2010.03.12 17:27:39.499,0.9693,0.9696,2.40,2.40
2010.03.12 17:27:40.008,0.96935,0.9697,2.40,2.40
2010.03.12 17:27:41.147,0.9693,0.96965,2.40,2.40
2010.03.12 17:27:45.276,0.96935,0.9697,2.40,2.40
2010.03.12 17:27:48.276,0.9693,0.96965,2.40,2.40
2010.03.12 17:27:49.545,0.96935,0.9697,2.40,2.40
2010.03.12 17:27:51.785,0.96935,0.96965,2.40,2.40
2010.03.12 17:27:51.974,0.9693,0.96965,2.40,2.40
2010.03.12 17:27:52.745,0.96945,0.96975,2.40,2.40
2010.03.12 17:27:53.484,0.96935,0.9697,2.40,2.40
2010.03.12 17:27:53.824,0.9694,0.96975,2.40,2.40
2010.03.12 17:27:54.844,0.96935,0.9697,2.40,2.40
2010.03.12 17:27:55.536,0.9693,0.96965,2.40,2.40
2010.03.12 17:27:56.047,0.9694,0.9697,2.40,2.40
2010.03.12 17:27:58.302,0.96935,0.9697,2.40,2.40
2010.03.12 17:27:58.574,0.9692,0.9696,2.40,2.40
2010.03.12 17:27:59.001,0.9693,0.9696,2.40,2.40
2010.03.12 17:28:00.576,0.96935,0.9697,2.40,2.40
2010.03.12 17:28:01.872,0.9693,0.96965,2.40,2.40
2010.03.12 17:28:02.113,0.9694,0.9698,2.40,2.40
2010.03.12 17:28:03.612,0.96945,0.9698,2.40,2.40
2010.03.12 17:28:04.142,0.96945,0.96985,2.40,2.40
2010.03.12 17:28:05.677,0.96945,0.9698,2.40,2.40
2010.03.12 17:28:06.381,0.96935,0.9698,2.40,2.40
2010.03.12 17:28:07.659,0.96935,0.9697,2.40,2.40
2010.03.12 17:28:10.568,0.9694,0.9697,2.40,2.40
2010.03.12 17:28:11.113,0.9694,0.96975,2.40,2.40
2010.03.12 17:28:16.362,0.96935,0.9697,2.40,2.40
2010.03.12 17:28:19.428,0.96935,0.96975,2.40,2.40
2010.03.12 17:28:21.320,0.9694,0.96975,2.40,2.40
2010.03.12 17:28:24.852,0.96935,0.9697,2.40,2.40
2010.03.12 17:28:24.988,0.9693,0.96965,2.40,2.40
2010.03.12 17:28:25.493,0.9694,0.96975,2.40,2.40
2010.03.12 17:28:26.086,0.96945,0.9698,2.40,2.40
2010.03.12 17:28:26.776,0.96945,0.96985,2.40,2.40
2010.03.12 17:28:29.175,0.96945,0.96975,2.40,2.40
2010.03.12 17:28:29.615,0.9694,0.9697,2.40,2.40
2010.03.12 17:28:30.386,0.96945,0.96975,2.40,2.40
2010.03.12 17:28:31.876,0.9695,0.9698,2.40,2.40
2010.03.12 17:28:32.525,0.96955,0.96985,2.40,2.40
2010.03.12 17:28:39.289,0.9695,0.9698,2.40,2.40
2010.03.12 17:28:42.413,0.96945,0.9698,2.40,2.40
2010.03.12 17:28:51.920,0.9694,0.96975,2.40,2.40
2010.03.12 17:29:03.058,0.96935,0.96965,2.40,2.40
2010.03.12 17:29:11.945,0.9694,0.96975,2.40,2.40
2010.03.12 17:29:14.775,0.96945,0.9698,2.40,2.40
2010.03.12 17:29:21.243,0.96945,0.96975,2.40,2.40
2010.03.12 17:29:21.893,0.96945,0.96985,2.40,2.40
2010.03.12 17:29:39.708,0.96945,0.96975,2.40,2.40
2010.03.12 17:29:40.048,0.96945,0.96985,2.40,2.40
2010.03.12 17:29:47.104,0.96945,0.96975,2.40,2.40
2010.03.12 17:29:55.919,0.96945,0.9698,2.40,2.40
2010.03.12 17:29:56.011,0.9695,0.96985,2.40,2.40
2010.03.12 17:29:56.535,0.96945,0.9698,2.40,2.40
2010.03.12 17:30:01.713,0.9694,0.96975,2.40,2.40
2010.03.12 17:30:04.812,0.96945,0.9698,2.40,2.40
2010.03.12 17:30:17.192,0.96935,0.96975,2.40,2.40
2010.03.12 17:30:17.789,0.9694,0.96975,2.40,2.40
2010.03.12 17:30:18.089,0.96945,0.9698,2.40,2.40
2010.03.12 17:30:30.984,0.96945,0.96985,2.40,2.40
2010.03.12 17:30:31.332,0.9694,0.9698,2.40,2.40
2010.03.12 17:30:33.537,0.9694,0.96975,2.40,2.40
2010.03.12 17:30:41.595,0.9694,0.9698,2.40,2.40
2010.03.12 17:30:41.734,0.96935,0.96975,2.40,2.40
2010.03.12 17:30:42.555,0.9694,0.96975,2.40,2.40
2010.03.12 17:30:43.404,0.96935,0.9697,2.40,2.40
2010.03.12 17:30:48.943,0.96925,0.96965,2.40,2.40
2010.03.12 17:30:51.177,0.9693,0.9697,2.40,2.40
2010.03.12 17:30:52.995,0.96935,0.96975,2.40,2.40
2010.03.12 17:31:03.748,0.9694,0.96975,2.40,2.40
2010.03.12 17:31:04.130,0.96935,0.9697,2.40,2.40
2010.03.12 17:31:04.349,0.9694,0.96975,2.40,2.40
2010.03.12 17:31:05.060,0.9693,0.9697,2.40,2.40
2010.03.12 17:31:06.141,0.96935,0.96975,2.40,2.40
2010.03.12 17:31:06.987,0.9693,0.9697,2.40,2.40
2010.03.12 17:31:07.536,0.96935,0.96975,2.40,2.40
2010.03.12 17:31:07.749,0.9693,0.96965,2.40,2.40
2010.03.12 17:31:08.165,0.9693,0.9697,2.40,2.40
2010.03.12 17:31:08.367,0.9692,0.9696,2.40,2.40
2010.03.12 17:31:08.999,0.96915,0.96955,2.40,2.40
2010.03.12 17:31:12.991,0.9692,0.9696,2.40,2.40
2010.03.12 17:31:16.537,0.96915,0.96955,2.40,2.40
2010.03.12 17:31:18.895,0.9691,0.9695,2.40,2.40
2010.03.12 17:31:19.195,0.96905,0.96945,2.40,2.40
2010.03.12 17:31:21.426,0.969,0.9694,2.40,2.40
2010.03.12 17:31:22.489,0.96905,0.96945,2.40,2.40
2010.03.12 17:31:26.521,0.9691,0.9695,2.40,2.40
2010.03.12 17:31:27.942,0.9691,0.96945,2.40,2.40
2010.03.12 17:31:30.436,0.9691,0.9695,2.40,2.40
2010.03.12 17:31:30.503,0.96925,0.96965,2.40,2.40
2010.03.12 17:31:37.134,0.9693,0.9697,2.40,2.40
2010.03.12 17:31:37.624,0.9692,0.9696,2.40,2.40
2010.03.12 17:31:39.350,0.9691,0.9695,2.40,2.40
2010.03.12 17:31:40.081,0.9692,0.9696,2.40,2.40
2010.03.12 17:31:40.687,0.96915,0.96955,2.40,2.40
2010.03.12 17:31:42.389,0.96935,0.9697,2.40,2.40
2010.03.12 17:31:44.553,0.9693,0.9697,2.40,2.40
2010.03.12 17:31:45.488,0.96935,0.96975,2.40,2.40
2010.03.12 17:31:46.986,0.9694,0.96975,2.40,2.40
2010.03.12 17:31:47.109,0.96935,0.96975,2.40,2.40
2010.03.12 17:31:47.560,0.9693,0.9697,2.40,2.40
2010.03.12 17:31:49.517,0.96935,0.96975,2.40,2.40
2010.03.12 17:32:04.636,0.9693,0.9697,2.40,2.40
2010.03.12 17:32:07.189,0.96925,0.96965,2.40,2.40
2010.03.12 17:32:11.342,0.9693,0.9697,2.40,2.40
2010.03.12 17:32:19.112,0.96925,0.96965,2.40,2.40
2010.03.12 17:32:19.710,0.9692,0.9696,2.40,2.40
2010.03.12 17:32:20.010,0.9693,0.9697,2.40,2.40
2010.03.12 17:32:20.830,0.96925,0.96965,2.40,2.40
2010.03.12 17:32:23.879,0.96905,0.96945,2.40,2.40
2010.03.12 17:32:24.159,0.9692,0.9696,2.40,2.40
2010.03.12 17:32:24.769,0.96925,0.96965,2.40,2.40
2010.03.12 17:32:25.039,0.9692,0.9696,2.40,2.40
2010.03.12 17:32:25.601,0.9691,0.9695,2.40,2.40
2010.03.12 17:32:27.528,0.96905,0.96945,2.40,2.40
2010.03.12 17:32:28.167,0.96915,0.96955,2.40,2.40
2010.03.12 17:32:28.422,0.9691,0.9695,2.40,2.40
2010.03.12 17:32:29.398,0.96905,0.96945,2.40,2.40
2010.03.12 17:32:47.313,0.9691,0.9695,2.40,2.40
2010.03.12 17:32:48.633,0.969,0.9694,2.40,2.40
2010.03.12 17:32:49.553,0.9689,0.9693,2.40,2.40
2010.03.12 17:32:50.103,0.96885,0.96925,2.40,2.40
2010.03.12 17:32:50.333,0.9689,0.9693,2.40,2.40
2010.03.12 17:32:50.563,0.96885,0.96925,2.40,2.40
2010.03.12 17:32:51.633,0.9688,0.9692,2.40,2.40
2010.03.12 17:32:53.322,0.96885,0.96925,2.40,2.40
2010.03.12 17:32:54.222,0.9689,0.96925,2.40,2.40
2010.03.12 17:32:54.562,0.96885,0.96925,2.40,2.40
2010.03.12 17:32:55.070,0.9689,0.9693,2.40,2.40
2010.03.12 17:32:55.302,0.96885,0.96925,2.40,2.40
2010.03.12 17:32:56.427,0.96895,0.96935,2.40,2.40
2010.03.12 17:33:02.238,0.9689,0.9693,2.40,2.40
2010.03.12 17:33:02.561,0.969,0.9694,2.40,2.40
2010.03.12 17:33:03.321,0.96895,0.96935,2.40,2.40
2010.03.12 17:33:03.650,0.969,0.9694,2.40,2.40
2010.03.12 17:33:04.389,0.96895,0.9693,2.40,2.40
2010.03.12 17:33:05.379,0.96895,0.96935,2.40,2.40
2010.03.12 17:33:06.239,0.96895,0.9693,2.40,2.40
2010.03.12 17:33:11.158,0.9689,0.96925,2.40,2.40
2010.03.12 17:33:11.909,0.9689,0.9693,2.40,2.40
2010.03.12 17:33:12.030,0.96895,0.96935,2.40,2.40
2010.03.12 17:33:12.828,0.969,0.9694,2.40,2.40
2010.03.12 17:33:14.837,0.96905,0.96945,2.40,2.40
2010.03.12 17:33:23.123,0.969,0.9694,2.40,2.40
2010.03.12 17:33:27.163,0.96905,0.96945,2.40,2.40
2010.03.12 17:33:30.373,0.969,0.9694,2.40,2.40
2010.03.12 17:33:36.401,0.96905,0.96945,2.40,2.40
2010.03.12 17:33:37.042,0.96895,0.96935,2.40,2.40
2010.03.12 17:33:40.931,0.969,0.9694,2.40,2.40
2010.03.12 17:33:45.300,0.96905,0.96945,2.40,2.40
2010.03.12 17:33:46.009,0.9691,0.9695,2.40,2.40
2010.03.12 17:33:48.321,0.96905,0.96945,2.40,2.40
2010.03.12 17:33:51.687,0.969,0.9694,2.40,2.40
2010.03.12 17:33:52.758,0.96905,0.96945,2.40,2.40
2010.03.12 17:34:10.915,0.96895,0.96935,2.40,2.40
2010.03.12 17:34:13.342,0.969,0.9694,2.40,2.40
2010.03.12 17:34:19.939,0.96905,0.96945,2.40,2.40
2010.03.12 17:34:20.601,0.969,0.9694,2.40,2.40
2010.03.12 17:34:21.121,0.9691,0.9695,2.40,2.40
2010.03.12 17:34:23.021,0.96905,0.96945,2.40,2.40
2010.03.12 17:34:23.442,0.96895,0.96935,2.40,2.40
2010.03.12 17:34:25.389,0.96905,0.9694,2.40,2.40
2010.03.12 17:34:26.639,0.969,0.9694,2.40,2.40
2010.03.12 17:34:28.154,0.96895,0.96935,2.40,2.40
2010.03.12 17:34:28.410,0.96905,0.96945,2.40,2.40
2010.03.12 17:34:30.328,0.96915,0.9695,2.40,2.40
2010.03.12 17:34:31.118,0.96905,0.96945,2.40,2.40
2010.03.12 17:34:35.687,0.969,0.9694,2.40,2.40
2010.03.12 17:34:36.217,0.96905,0.96945,2.40,2.40
2010.03.12 17:34:48.444,0.9691,0.9695,2.40,2.40
2010.03.12 17:34:48.924,0.96905,0.96945,2.40,2.40
2010.03.12 17:34:50.293,0.9691,0.9695,2.40,2.40
2010.03.12 17:34:55.142,0.96915,0.96955,2.40,2.40
2010.03.12 17:35:11.560,0.9691,0.9695,2.40,2.40
2010.03.12 17:35:11.972,0.96915,0.96955,2.40,2.40
2010.03.12 17:35:12.159,0.9691,0.9695,2.40,2.40
2010.03.12 17:35:17.923,0.96915,0.96955,2.40,2.40
2010.03.12 17:35:18.257,0.9691,0.9695,2.40,2.40
2010.03.12 17:35:19.618,0.96915,0.96955,2.40,2.40
2010.03.12 17:35:20.756,0.9692,0.9696,2.40,2.40
2010.03.12 17:35:21.690,0.96915,0.96955,2.40,2.40
2010.03.12 17:35:33.779,0.96925,0.96965,2.40,2.40
2010.03.12 17:35:37.551,0.9693,0.9697,2.40,2.40
2010.03.12 17:35:41.331,0.96925,0.96965,2.40,2.40
2010.03.12 17:35:41.741,0.9692,0.9696,2.40,2.40
2010.03.12 17:35:56.569,0.96925,0.96965,2.40,2.40
2010.03.12 17:36:00.257,0.9693,0.9697,2.40,2.40
2010.03.12 17:36:00.467,0.96925,0.96965,2.40,2.40
2010.03.12 17:36:00.996,0.96925,0.9696,2.40,2.40
2010.03.12 17:36:02.656,0.96925,0.96965,2.40,2.40
2010.03.12 17:36:03.622,0.9692,0.9696,2.40,2.40
2010.03.12 17:36:05.584,0.96925,0.96965,2.40,2.40
2010.03.12 17:36:05.725,0.9692,0.9696,2.40,2.40
2010.03.12 17:36:05.865,0.96925,0.96965,2.40,2.40
2010.03.12 17:36:06.677,0.9692,0.9696,2.40,2.40
2010.03.12 17:36:14.764,0.96915,0.96955,2.40,2.40
2010.03.12 17:36:15.613,0.9692,0.9696,2.40,2.40
2010.03.12 17:36:15.814,0.96915,0.96955,2.40,2.40
2010.03.12 17:36:16.523,0.9692,0.9696,2.40,2.40
2010.03.12 17:36:16.925,0.96915,0.96955,2.40,2.40
2010.03.12 17:36:17.269,0.9692,0.9696,2.40,2.40
2010.03.12 17:36:19.142,0.96915,0.96955,2.40,2.40
2010.03.12 17:36:20.731,0.9692,0.9696,2.40,2.40
2010.03.12 17:36:25.741,0.96925,0.96965,2.40,2.40
2010.03.12 17:36:27.050,0.96915,0.96955,2.40,2.40
2010.03.12 17:36:29.262,0.9692,0.96955,2.40,2.40
2010.03.12 17:36:29.640,0.96915,0.96955,2.40,2.40
2010.03.12 17:36:32.249,0.96915,0.9695,2.40,2.40
2010.03.12 17:36:32.489,0.9692,0.96955,2.40,2.40
2010.03.12 17:36:32.938,0.9692,0.9696,2.40,2.40
2010.03.12 17:36:33.869,0.96915,0.9695,2.40,2.40
2010.03.12 17:36:34.780,0.96915,0.96955,2.40,2.40
2010.03.12 17:36:34.988,0.96915,0.9695,2.40,2.40
2010.03.12 17:36:36.459,0.9692,0.9696,2.40,2.40
2010.03.12 17:36:40.657,0.9691,0.9695,2.40,2.40
2010.03.12 17:36:41.747,0.96915,0.96955,2.40,2.40
2010.03.12 17:36:42.356,0.9692,0.9696,2.40,2.40
2010.03.12 17:36:42.698,0.9691,0.9695,2.40,2.40
2010.03.12 17:36:43.036,0.96915,0.96955,2.40,2.40
2010.03.12 17:36:43.379,0.9691,0.9695,2.40,2.40
2010.03.12 17:36:44.060,0.96915,0.9695,2.40,2.40
2010.03.12 17:36:44.430,0.96915,0.96955,2.40,2.40
2010.03.12 17:36:49.604,0.96915,0.9695,2.40,2.40
2010.03.12 17:36:50.374,0.96915,0.96955,2.40,2.40
2010.03.12 17:36:52.935,0.9692,0.9696,2.40,2.40
2010.03.12 17:36:55.254,0.96925,0.96965,2.40,2.40
2010.03.12 17:36:55.594,0.96915,0.9695,2.40,2.40
2010.03.12 17:36:55.926,0.9691,0.9695,2.40,2.40
2010.03.12 17:36:56.123,0.96915,0.96955,2.40,2.40
2010.03.12 17:36:57.373,0.9691,0.9695,2.40,2.40
2010.03.12 17:37:01.309,0.96905,0.96945,2.40,2.40
2010.03.12 17:37:01.562,0.9689,0.96925,2.40,2.40
2010.03.12 17:37:02.549,0.96895,0.96935,2.40,2.40
2010.03.12 17:37:03.771,0.969,0.9694,2.40,2.40
2010.03.12 17:37:05.061,0.9691,0.9695,2.40,2.40
2010.03.12 17:37:07.211,0.96905,0.96945,2.40,2.40
2010.03.12 17:37:08.891,0.969,0.9694,2.40,2.40
2010.03.12 17:37:11.247,0.969,0.96935,2.40,2.40
2010.03.12 17:37:11.357,0.96895,0.96935,2.40,2.40
2010.03.12 17:37:18.669,0.9689,0.9693,2.40,2.40
2010.03.12 17:37:19.022,0.96885,0.96925,2.40,2.40
2010.03.12 17:37:19.218,0.9689,0.9693,2.40,2.40
2010.03.12 17:37:21.988,0.96895,0.9693,2.40,2.40
2010.03.12 17:37:22.277,0.96885,0.96925,2.40,2.40
2010.03.12 17:37:22.664,0.969,0.96935,2.40,2.40
2010.03.12 17:37:22.907,0.96905,0.9694,2.40,2.40
2010.03.12 17:37:26.925,0.96905,0.96945,2.40,2.40
2010.03.12 17:37:31.818,0.96905,0.9694,2.40,2.40
2010.03.12 17:37:35.024,0.9691,0.9695,2.40,2.40
2010.03.12 17:37:35.534,0.96905,0.96945,2.40,2.40
2010.03.12 17:37:38.095,0.9691,0.9695,2.40,2.40
2010.03.12 17:37:38.333,0.96905,0.96945,2.40,2.40
2010.03.12 17:37:43.109,0.96905,0.9694,2.40,2.40
2010.03.12 17:37:43.952,0.96905,0.96945,2.40,2.40
2010.03.12 17:37:51.882,0.969,0.9694,2.40,2.40
2010.03.12 17:37:51.941,0.96905,0.96945,2.40,2.40
2010.03.12 17:37:53.569,0.96905,0.9694,2.40,2.40
2010.03.12 17:37:54.409,0.96905,0.96945,2.40,2.40
2010.03.12 17:37:58.998,0.96905,0.9694,2.40,2.40
2010.03.12 17:38:01.760,0.969,0.96935,2.40,2.40
2010.03.12 17:38:01.848,0.9691,0.9695,2.40,2.40
2010.03.12 17:38:02.188,0.96905,0.9694,2.40,2.40
2010.03.12 17:38:07.599,0.96905,0.96945,2.40,2.40
2010.03.12 17:38:07.906,0.96915,0.9695,2.40,2.40
2010.03.12 17:38:10.075,0.96915,0.96955,2.40,2.40
2010.03.12 17:38:10.438,0.9692,0.9696,2.40,2.40
2010.03.12 17:38:12.686,0.9691,0.96945,2.40,2.40
2010.03.12 17:38:12.886,0.9692,0.9696,2.40,2.40
2010.03.12 17:38:13.566,0.96915,0.9695,2.40,2.40
2010.03.12 17:38:14.700,0.9691,0.9695,2.40,2.40
2010.03.12 17:38:17.096,0.96915,0.96955,2.40,2.40
2010.03.12 17:38:26.823,0.96915,0.9695,2.40,2.40
2010.03.12 17:38:27.305,0.96915,0.96955,2.40,2.40
2010.03.12 17:38:32.232,0.9692,0.9696,2.40,2.40
2010.03.12 17:38:32.627,0.96925,0.9696,2.40,2.40
2010.03.12 17:38:36.479,0.9693,0.96965,2.40,2.40
2010.03.12 17:38:36.899,0.96925,0.96965,2.40,2.40
2010.03.12 17:39:01.493,0.9693,0.9697,2.40,2.40
2010.03.12 17:39:02.832,0.96935,0.9697,2.40,2.40
2010.03.12 17:39:04.093,0.9694,0.96975,2.40,2.40
2010.03.12 17:39:10.031,0.96935,0.9697,2.40,2.40
2010.03.12 17:39:11.081,0.9694,0.96975,2.40,2.40
2010.03.12 17:39:13.520,0.9693,0.96965,2.40,2.40
2010.03.12 17:39:20.348,0.96935,0.9697,2.40,2.40
2010.03.12 17:39:29.966,0.9693,0.96965,2.40,2.40
2010.03.12 17:39:32.487,0.96935,0.9697,2.40,2.40
2010.03.12 17:39:32.615,0.9693,0.96965,2.40,2.40
2010.03.12 17:39:33.085,0.96955,0.9699,2.40,2.40
2010.03.12 17:39:34.375,0.9696,0.96995,2.40,2.40
2010.03.12 17:39:34.596,0.96955,0.9699,2.40,2.40
2010.03.12 17:39:36.155,0.9696,0.96995,2.40,2.40
2010.03.12 17:39:36.606,0.96965,0.97,2.40,2.40
2010.03.12 17:39:36.646,0.96955,0.9699,2.40,2.40
2010.03.12 17:39:37.781,0.96935,0.9697,2.40,2.40
2010.03.12 17:39:38.794,0.9694,0.96975,2.40,2.40
2010.03.12 17:39:40.403,0.96945,0.9698,2.40,2.40
2010.03.12 17:39:42.883,0.9694,0.96975,2.40,2.40
2010.03.12 17:39:43.418,0.96945,0.9698,2.40,2.40
2010.03.12 17:39:43.583,0.9694,0.96975,2.40,2.40
2010.03.12 17:39:46.672,0.96935,0.96975,2.40,2.40
2010.03.12 17:39:48.831,0.9694,0.96975,2.40,2.40
2010.03.12 17:39:49.871,0.96935,0.96975,2.40,2.40
2010.03.12 17:39:50.522,0.9694,0.96975,2.40,2.40
2010.03.12 17:39:52.310,0.96945,0.96985,2.40,2.40
2010.03.12 17:39:53.990,0.96955,0.9699,2.40,2.40
2010.03.12 17:40:01.083,0.9695,0.96985,2.40,2.40
2010.03.12 17:40:01.181,0.96945,0.9698,2.40,2.40
2010.03.12 17:40:02.069,0.96955,0.9699,2.40,2.40
2010.03.12 17:40:02.633,0.96945,0.96985,2.40,2.40
2010.03.12 17:40:02.919,0.96945,0.9698,2.40,2.40
2010.03.12 17:40:07.848,0.96945,0.96985,2.40,2.40
2010.03.12 17:40:08.087,0.96945,0.9698,2.40,2.40
2010.03.12 17:40:09.245,0.9694,0.96975,2.40,2.40
2010.03.12 17:40:09.457,0.96945,0.9698,2.40,2.40
2010.03.12 17:40:18.649,0.9694,0.96975,2.40,2.40
2010.03.12 17:40:20.854,0.9693,0.96965,2.40,2.40
2010.03.12 17:40:24.143,0.96935,0.9697,2.40,2.40
2010.03.12 17:40:27.983,0.9694,0.96975,2.40,2.40
2010.03.12 17:40:39.149,0.96935,0.9697,2.40,2.40
2010.03.12 17:40:39.339,0.9694,0.96975,2.40,2.40
2010.03.12 17:40:45.398,0.96935,0.9697,2.40,2.40
2010.03.12 17:40:51.202,0.9694,0.96975,2.40,2.40
2010.03.12 17:40:51.517,0.96935,0.9697,2.40,2.40
2010.03.12 17:40:51.986,0.9694,0.96975,2.40,2.40
2010.03.12 17:40:55.016,0.96935,0.96975,2.40,2.40
2010.03.12 17:40:59.275,0.9694,0.9698,2.40,2.40
2010.03.12 17:40:59.934,0.96945,0.9698,2.40,2.40
2010.03.12 17:41:08.993,0.9695,0.96985,2.40,2.40
2010.03.12 17:41:10.571,0.96945,0.9698,2.40,2.40
2010.03.12 17:41:37.878,0.9695,0.96985,2.40,2.40
2010.03.12 17:41:44.924,0.96955,0.9699,2.40,2.40
2010.03.12 17:41:48.013,0.9695,0.96985,2.40,2.40
2010.03.12 17:41:51.373,0.96955,0.9699,2.40,2.40
2010.03.12 17:41:52.984,0.9694,0.96975,2.40,2.40
2010.03.12 17:41:54.233,0.96945,0.9698,2.40,2.40
2010.03.12 17:41:54.571,0.9695,0.96985,2.40,2.40
2010.03.12 17:41:55.343,0.9694,0.9698,2.40,2.40
2010.03.12 17:41:55.681,0.9694,0.96975,2.40,2.40
2010.03.12 17:41:58.022,0.96945,0.9698,2.40,2.40
2010.03.12 17:42:00.075,0.96955,0.96995,2.40,2.40
2010.03.12 17:42:01.719,0.96965,0.97,2.40,2.40
2010.03.12 17:42:02.059,0.96955,0.9699,2.40,2.40
2010.03.12 17:42:03.880,0.9696,0.96995,2.40,2.40
2010.03.12 17:42:07.018,0.96955,0.9699,2.40,2.40
2010.03.12 17:42:08.252,0.9697,0.97005,2.40,2.40
2010.03.12 17:42:08.411,0.9696,0.96995,2.40,2.40
2010.03.12 17:42:10.918,0.96965,0.97,2.40,2.40
2010.03.12 17:42:12.070,0.9697,0.97005,2.40,2.40
2010.03.12 17:42:12.917,0.96965,0.97,2.40,2.40
2010.03.12 17:42:14.088,0.9696,0.96995,2.40,2.40
2010.03.12 17:42:16.337,0.9696,0.97,2.40,2.40
2010.03.12 17:42:17.546,0.96975,0.9701,2.40,2.40
2010.03.12 17:42:17.887,0.96975,0.97015,2.40,2.40
2010.03.12 17:42:18.378,0.96965,0.97005,2.40,2.40
2010.03.12 17:42:18.717,0.9697,0.97005,2.40,2.40
2010.03.12 17:42:22.385,0.96965,0.97005,2.40,2.40
2010.03.12 17:42:22.565,0.96975,0.9701,2.40,2.40
2010.03.12 17:42:27.483,0.96965,0.97005,2.40,2.40
2010.03.12 17:42:31.112,0.96955,0.9699,2.40,2.40
2010.03.12 17:42:31.692,0.9696,0.96995,2.40,2.40
2010.03.12 17:42:32.353,0.96955,0.9699,2.40,2.40
2010.03.12 17:42:36.802,0.9696,0.96995,2.40,2.40
2010.03.12 17:42:37.141,0.96965,0.97,2.40,2.40
2010.03.12 17:42:37.301,0.9697,0.97005,2.40,2.40
2010.03.12 17:42:37.872,0.9696,0.96995,2.40,2.40
2010.03.12 17:42:38.212,0.9697,0.97005,2.40,2.40
2010.03.12 17:42:39.353,0.96965,0.97,2.40,2.40
2010.03.12 17:42:39.967,0.9697,0.97005,2.40,2.40
2010.03.12 17:42:40.281,0.96965,0.97005,2.40,2.40
2010.03.12 17:42:42.400,0.96975,0.9701,2.40,2.40
2010.03.12 17:42:43.699,0.9697,0.97005,2.40,2.40
2010.03.12 17:42:44.819,0.96975,0.9701,2.40,2.40
2010.03.12 17:42:45.730,0.9698,0.97015,2.40,2.40
2010.03.12 17:42:48.908,0.96975,0.9701,2.40,2.40
2010.03.12 17:42:59.266,0.96985,0.9702,2.40,2.40
2010.03.12 17:42:59.776,0.9699,0.97025,2.40,2.40
2010.03.12 17:43:00.334,0.96985,0.9702,2.40,2.40
2010.03.12 17:43:00.665,0.9698,0.97015,2.40,2.40
2010.03.12 17:43:01.005,0.96985,0.9702,2.40,2.40
2010.03.12 17:43:16.552,0.9698,0.97015,2.40,2.40
2010.03.12 17:43:20.182,0.96975,0.9701,2.40,2.40
2010.03.12 17:43:20.754,0.9699,0.97025,2.40,2.40
2010.03.12 17:43:21.530,0.96985,0.9702,2.40,2.40
2010.03.12 17:43:22.090,0.96995,0.9703,2.40,2.40
2010.03.12 17:43:26.579,0.97,0.97035,2.40,2.40
2010.03.12 17:43:26.900,0.97005,0.9704,2.40,2.40
2010.03.12 17:43:27.339,0.97,0.97035,2.40,2.40
2010.03.12 17:43:30.009,0.97005,0.9704,2.40,2.40
2010.03.12 17:43:30.268,0.97,0.97035,2.40,2.40
2010.03.12 17:43:31.838,0.96995,0.9703,2.40,2.40
2010.03.12 17:43:51.693,0.97,0.97035,2.40,2.40
2010.03.12 17:43:53.234,0.97005,0.9704,2.40,2.40
2010.03.12 17:43:57.632,0.97,0.97035,2.40,2.40
2010.03.12 17:43:58.681,0.97005,0.9704,2.40,2.40
2010.03.12 17:43:59.024,0.96995,0.9703,2.40,2.40
2010.03.12 17:43:59.394,0.97,0.97035,2.40,2.40
2010.03.12 17:43:59.911,0.96995,0.9703,2.40,2.40
2010.03.12 17:44:02.227,0.9699,0.97025,2.40,2.40
2010.03.12 17:44:02.351,0.96985,0.9702,2.40,2.40
2010.03.12 17:44:02.761,0.9699,0.97025,2.40,2.40
2010.03.12 17:44:03.780,0.96995,0.9703,2.40,2.40
2010.03.12 17:44:04.120,0.9699,0.97025,2.40,2.40
2010.03.12 17:44:05.669,0.96985,0.9702,2.40,2.40
2010.03.12 17:44:13.158,0.9699,0.97025,2.40,2.40
2010.03.12 17:44:16.968,0.96985,0.9702,2.40,2.40
2010.03.12 17:44:17.567,0.9698,0.97015,2.40,2.40
2010.03.12 17:44:17.688,0.96985,0.9702,2.40,2.40
2010.03.12 17:44:18.290,0.96975,0.9701,2.40,2.40
2010.03.12 17:44:18.968,0.9698,0.97015,2.40,2.40
2010.03.12 17:44:21.206,0.96985,0.9702,2.40,2.40
2010.03.12 17:44:23.037,0.9698,0.97015,2.40,2.40
2010.03.12 17:44:23.747,0.9699,0.97025,2.40,2.40
2010.03.12 17:44:24.056,0.96975,0.9701,2.40,2.40
2010.03.12 17:44:26.935,0.9698,0.97015,2.40,2.40
2010.03.12 17:44:27.096,0.96975,0.9701,2.40,2.40
2010.03.12 17:44:28.164,0.9697,0.97005,2.40,2.40
2010.03.12 17:44:29.506,0.96975,0.9701,2.40,2.40
2010.03.12 17:44:40.241,0.9697,0.97005,2.40,2.40
2010.03.12 17:44:40.921,0.96975,0.9701,2.40,2.40
2010.03.12 17:44:41.631,0.9698,0.97015,2.40,2.40
2010.03.12 17:44:41.864,0.96985,0.9702,2.40,2.40
2010.03.12 17:44:42.411,0.9699,0.97025,2.40,2.40
2010.03.12 17:44:54.468,0.96995,0.9703,2.40,2.40
2010.03.12 17:45:00.866,0.9698,0.97015,2.40,2.40
2010.03.12 17:45:07.999,0.96975,0.9701,2.40,2.40
2010.03.12 17:45:08.078,0.9698,0.97015,2.40,2.40
2010.03.12 17:45:08.756,0.96975,0.9701,2.40,2.40
2010.03.12 17:45:12.534,0.9697,0.97005,2.40,2.40
2010.03.12 17:45:12.973,0.96975,0.9701,2.40,2.40
2010.03.12 17:45:14.623,0.9698,0.97015,2.40,2.40
2010.03.12 17:45:14.753,0.96975,0.9701,2.40,2.40
2010.03.12 17:45:25.513,0.9698,0.97015,2.40,2.40
2010.03.12 17:45:37.560,0.96985,0.9702,2.40,2.40
2010.03.12 17:46:02.940,0.9699,0.97025,2.40,2.40
2010.03.12 17:46:03.490,0.96985,0.9702,2.40,2.40
2010.03.12 17:46:04.173,0.9699,0.97025,2.40,2.40
2010.03.12 17:46:06.789,0.96985,0.9702,2.40,2.40
2010.03.12 17:46:07.141,0.9699,0.97025,2.40,2.40
2010.03.12 17:46:09.152,0.96995,0.9703,2.40,2.40
2010.03.12 17:46:10.571,0.97,0.97035,2.40,2.40
2010.03.12 17:46:22.191,0.96995,0.9703,2.40,2.40
2010.03.12 17:46:23.446,0.9699,0.97025,2.40,2.40
2010.03.12 17:46:24.326,0.96995,0.9703,2.40,2.40
2010.03.12 17:46:36.054,0.9699,0.97025,2.40,2.40
2010.03.12 17:46:36.374,0.96985,0.9702,2.40,2.40
2010.03.12 17:46:36.535,0.9699,0.97025,2.40,2.40
2010.03.12 17:46:40.265,0.96995,0.9703,2.40,2.40
2010.03.12 17:46:53.341,0.97,0.97035,2.40,2.40
2010.03.12 17:46:59.728,0.96995,0.9703,2.40,2.40
2010.03.12 17:47:11.486,0.9699,0.9703,2.40,2.40
2010.03.12 17:47:11.916,0.96985,0.9702,2.40,2.40
2010.03.12 17:47:21.844,0.96995,0.9703,2.40,2.40
2010.03.12 17:47:30.340,0.9699,0.97025,2.40,2.40
2010.03.12 17:47:38.508,0.96995,0.9703,2.40,2.40
2010.03.12 17:47:48.517,0.97,0.97035,2.40,2.40
2010.03.12 17:47:49.138,0.96995,0.9703,2.40,2.40
2010.03.12 17:47:50.136,0.9699,0.9703,2.40,2.40
2010.03.12 17:47:53.525,0.9699,0.97025,2.40,2.40
2010.03.12 17:47:54.051,0.96995,0.9703,2.40,2.40
2010.03.12 17:47:54.311,0.97,0.97035,2.40,2.40
2010.03.12 17:47:55.354,0.97005,0.9704,2.40,2.40
2010.03.12 17:47:56.248,0.96995,0.9704,2.40,2.40
2010.03.12 17:47:56.584,0.9699,0.97035,2.40,2.40
2010.03.12 17:47:57.264,0.97,0.97035,2.40,2.40
2010.03.12 17:47:58.124,0.96995,0.9703,2.40,2.40
2010.03.12 17:47:59.053,0.9699,0.97025,2.40,2.40
2010.03.12 17:47:59.394,0.96995,0.9703,2.40,2.40
2010.03.12 17:48:01.973,0.9699,0.97025,2.40,2.40
2010.03.12 17:48:02.983,0.96995,0.9703,2.40,2.40
2010.03.12 17:48:11.771,0.9699,0.97025,2.40,2.40
2010.03.12 17:48:14.090,0.96995,0.9703,2.40,2.40
2010.03.12 17:48:36.744,0.9699,0.9703,2.40,2.40
2010.03.12 17:48:38.335,0.9699,0.97025,2.40,2.40
2010.03.12 17:48:40.563,0.96985,0.9702,2.40,2.40
2010.03.12 17:48:52.772,0.96995,0.9703,2.40,2.40
2010.03.12 17:48:53.355,0.9701,0.97045,2.40,2.40
2010.03.12 17:48:53.690,0.97,0.97035,2.40,2.40
2010.03.12 17:49:13.175,0.9699,0.97025,2.40,2.40
2010.03.12 17:49:15.046,0.9699,0.97035,2.40,2.40
2010.03.12 17:49:19.301,0.96985,0.97025,2.40,2.40
2010.03.12 17:49:20.124,0.96995,0.9703,2.40,2.40
2010.03.12 17:49:21.014,0.9699,0.97025,2.40,2.40
2010.03.12 17:49:24.620,0.96985,0.9702,2.40,2.40
2010.03.12 17:49:24.823,0.96995,0.9703,2.40,2.40
2010.03.12 17:49:26.297,0.97,0.97035,2.40,2.40
2010.03.12 17:49:27.793,0.97,0.9704,2.40,2.40
2010.03.12 17:49:28.742,0.97005,0.97045,2.40,2.40
2010.03.12 17:49:46.520,0.97005,0.9704,2.40,2.40
2010.03.12 17:49:46.624,0.97,0.97035,2.40,2.40
2010.03.12 17:49:47.095,0.97005,0.9704,2.40,2.40
2010.03.12 17:49:48.399,0.9701,0.97045,2.40,2.40
2010.03.12 17:49:53.458,0.97015,0.9705,2.40,2.40
2010.03.12 17:49:54.016,0.97005,0.97045,2.40,2.40
2010.03.12 17:49:54.906,0.97,0.9704,2.40,2.40
2010.03.12 17:49:59.784,0.97005,0.97045,2.40,2.40
2010.03.12 17:50:02.067,0.97005,0.9704,2.40,2.40
2010.03.12 17:50:02.365,0.97,0.97035,2.40,2.40
2010.03.12 17:50:05.507,0.96995,0.9703,2.40,2.40
2010.03.12 17:50:12.771,0.97,0.97035,2.40,2.40
2010.03.12 17:50:14.211,0.96995,0.9703,2.40,2.40
2010.03.12 17:50:17.352,0.96985,0.9702,2.40,2.40
2010.03.12 17:50:21.989,0.9699,0.97025,2.40,2.40
2010.03.12 17:50:22.559,0.96995,0.9703,2.40,2.40
2010.03.12 17:50:24.429,0.9699,0.97025,2.40,2.40
2010.03.12 17:50:26.218,0.97005,0.9704,2.40,2.40
2010.03.12 17:50:30.658,0.97,0.9704,2.40,2.40
2010.03.12 17:50:31.097,0.9701,0.97045,2.40,2.40
2010.03.12 17:50:36.467,0.97005,0.9704,2.40,2.40
2010.03.12 17:50:44.117,0.9701,0.97045,2.40,2.40
2010.03.12 17:50:45.539,0.97005,0.9704,2.40,2.40
2010.03.12 17:50:45.834,0.97015,0.9705,2.40,2.40
2010.03.12 17:50:46.269,0.9701,0.97045,2.40,2.40
2010.03.12 17:50:47.249,0.97015,0.9705,2.40,2.40
2010.03.12 17:50:49.123,0.9701,0.97045,2.40,2.40
2010.03.12 17:50:55.091,0.97005,0.9704,2.40,2.40
2010.03.12 17:50:57.285,0.97,0.97035,2.40,2.40
2010.03.12 17:50:59.100,0.97005,0.9704,2.40,2.40
2010.03.12 17:51:05.548,0.97,0.97035,2.40,2.40
2010.03.12 17:51:07.420,0.9701,0.97045,2.40,2.40
2010.03.12 17:51:07.948,0.96995,0.97035,2.40,2.40
2010.03.12 17:51:08.374,0.96995,0.9703,2.40,2.40
2010.03.12 17:51:08.798,0.97,0.97035,2.40,2.40
2010.03.12 17:51:11.477,0.96995,0.97035,2.40,2.40
2010.03.12 17:51:12.317,0.9699,0.97025,2.40,2.40
2010.03.12 17:51:13.506,0.96995,0.97035,2.40,2.40
2010.03.12 17:51:14.274,0.9699,0.97025,2.40,2.40
2010.03.12 17:51:15.196,0.96995,0.97035,2.40,2.40
2010.03.12 17:51:16.157,0.9699,0.97025,2.40,2.40
2010.03.12 17:51:16.836,0.96995,0.97035,2.40,2.40
2010.03.12 17:51:29.624,0.9699,0.97025,2.40,2.40
2010.03.12 17:51:33.239,0.96995,0.97035,2.40,2.40
2010.03.12 17:51:33.345,0.96995,0.9703,2.40,2.40
2010.03.12 17:51:45.490,0.97005,0.9704,2.40,2.40
2010.03.12 17:51:55.327,0.97,0.9704,2.40,2.40
2010.03.12 17:51:58.995,0.97,0.97035,2.40,2.40
2010.03.12 17:51:59.886,0.97005,0.9704,2.40,2.40
2010.03.12 17:52:16.199,0.9701,0.97045,2.40,2.40
2010.03.12 17:52:16.441,0.97015,0.9705,2.40,2.40
2010.03.12 17:52:21.351,0.9701,0.97045,2.40,2.40
2010.03.12 17:52:22.380,0.97015,0.9705,2.40,2.40
2010.03.12 17:52:22.670,0.9701,0.97045,2.40,2.40
2010.03.12 17:52:23.094,0.97015,0.9705,2.40,2.40
2010.03.12 17:52:23.410,0.97005,0.9704,2.40,2.40
2010.03.12 17:52:30.729,0.97,0.97035,2.40,2.40
2010.03.12 17:52:35.148,0.97005,0.9704,2.40,2.40
2010.03.12 17:52:36.883,0.97,0.9704,2.40,2.40
2010.03.12 17:52:37.126,0.97005,0.97045,2.40,2.40
2010.03.12 17:52:37.366,0.97005,0.9704,2.40,2.40
2010.03.12 17:52:40.455,0.9701,0.97045,2.40,2.40
2010.03.12 17:52:41.366,0.97015,0.9705,2.40,2.40
2010.03.12 17:52:41.606,0.9702,0.97055,2.40,2.40
2010.03.12 17:52:45.478,0.97015,0.9705,2.40,2.40
2010.03.12 17:52:48.693,0.9702,0.97055,2.40,2.40
2010.03.12 17:52:57.663,0.97025,0.9706,2.40,2.40
2010.03.12 17:53:00.911,0.9702,0.97055,2.40,2.40
2010.03.12 17:53:01.360,0.97015,0.9705,2.40,2.40
2010.03.12 17:53:07.289,0.9702,0.97055,2.40,2.40
2010.03.12 17:53:08.181,0.97025,0.9706,2.40,2.40
2010.03.12 17:53:13.787,0.9702,0.97055,2.40,2.40
2010.03.12 17:53:15.744,0.97025,0.9706,2.40,2.40
2010.03.12 17:53:16.078,0.9703,0.97065,2.40,2.40
2010.03.12 17:53:18.563,0.97025,0.9706,2.40,2.40
2010.03.12 17:53:18.627,0.9703,0.97065,2.40,2.40
2010.03.12 17:53:19.886,0.97025,0.9706,2.40,2.40
2010.03.12 17:53:24.049,0.9703,0.97065,2.40,2.40
2010.03.12 17:53:24.535,0.97025,0.9706,2.40,2.40
2010.03.12 17:53:27.484,0.97015,0.9705,2.40,2.40
2010.03.12 17:53:28.704,0.9702,0.97055,2.40,2.40
2010.03.12 17:53:34.024,0.97015,0.97055,2.40,2.40
2010.03.12 17:53:34.612,0.9701,0.97045,2.40,2.40
2010.03.12 17:53:34.952,0.97025,0.9706,2.40,2.40
2010.03.12 17:53:35.732,0.97015,0.97055,2.40,2.40
2010.03.12 17:53:36.436,0.9702,0.97055,2.40,2.40
2010.03.12 17:53:39.332,0.97015,0.9705,2.40,2.40
2010.03.12 17:53:39.686,0.9702,0.97055,2.40,2.40
2010.03.12 17:53:41.272,0.97025,0.9706,2.40,2.40
2010.03.12 17:53:42.541,0.9703,0.97065,2.40,2.40
2010.03.12 17:53:43.190,0.97035,0.9707,2.40,2.40
2010.03.12 17:53:43.381,0.9703,0.97065,2.40,2.40
2010.03.12 17:53:45.950,0.97035,0.9707,2.40,2.40
2010.03.12 17:53:50.088,0.9703,0.97065,2.40,2.40
2010.03.12 17:53:52.458,0.97035,0.9707,2.40,2.40
2010.03.12 17:53:55.947,0.97035,0.97075,2.40,2.40
2010.03.12 17:53:58.077,0.9704,0.97075,2.40,2.40
2010.03.12 17:53:59.846,0.97035,0.97075,2.40,2.40
2010.03.12 17:54:07.015,0.9703,0.97065,2.40,2.40
2010.03.12 17:54:09.760,0.97035,0.9707,2.40,2.40
2010.03.12 17:54:10.844,0.9703,0.97065,2.40,2.40
2010.03.12 17:54:11.134,0.97025,0.9706,2.40,2.40
2010.03.12 17:54:16.933,0.9703,0.97065,2.40,2.40
2010.03.12 17:54:19.352,0.97035,0.97075,2.40,2.40
2010.03.12 17:54:23.322,0.9703,0.97065,2.40,2.40
2010.03.12 17:54:23.835,0.97025,0.9706,2.40,2.40
2010.03.12 17:54:25.260,0.9703,0.97065,2.40,2.40
2010.03.12 17:54:27.912,0.97025,0.9706,2.40,2.40
2010.03.12 17:55:18.097,0.9703,0.97065,2.40,2.40
2010.03.12 17:55:29.065,0.97025,0.9706,2.40,2.40
2010.03.12 17:55:31.744,0.9702,0.97055,2.40,2.40
2010.03.12 17:55:32.046,0.97015,0.9705,2.40,2.40
2010.03.12 17:55:32.260,0.9702,0.97055,2.40,2.40
2010.03.12 17:55:32.766,0.97005,0.97045,2.40,2.40
2010.03.12 17:55:34.108,0.97015,0.9705,2.40,2.40
2010.03.12 17:55:34.724,0.97005,0.97045,2.40,2.40
2010.03.12 17:55:44.891,0.97,0.9704,2.40,2.40
2010.03.12 17:55:45.522,0.97005,0.97045,2.40,2.40
2010.03.12 17:55:47.460,0.97,0.97035,2.40,2.40
2010.03.12 17:55:47.596,0.97015,0.9705,2.40,2.40
2010.03.12 17:55:48.852,0.9701,0.9705,2.40,2.40
2010.03.12 17:55:56.646,0.97,0.97035,2.40,2.40
2010.03.12 17:55:56.909,0.97005,0.9704,2.40,2.40
2010.03.12 17:55:58.171,0.9701,0.9705,2.40,2.40
2010.03.12 17:56:02.987,0.9702,0.97055,2.40,2.40
2010.03.12 17:56:12.825,0.9701,0.9705,2.40,2.40
2010.03.12 17:56:22.713,0.9702,0.97055,2.40,2.40
2010.03.12 17:56:24.056,0.97015,0.9705,2.40,2.40
2010.03.12 17:56:29.401,0.9701,0.97045,2.40,2.40
2010.03.12 17:56:45.967,0.97005,0.9704,2.40,2.40
2010.03.12 17:56:46.066,0.9701,0.97045,2.40,2.40
2010.03.12 17:56:46.430,0.97005,0.9704,2.40,2.40
2010.03.12 17:57:01.684,0.9701,0.9705,2.40,2.40
2010.03.12 17:57:02.625,0.9701,0.97045,2.40,2.40
2010.03.12 17:57:02.932,0.9702,0.97055,2.40,2.40
2010.03.12 17:57:04.108,0.97025,0.9706,2.40,2.40
2010.03.12 17:57:08.652,0.9701,0.9705,2.40,2.40
2010.03.12 17:57:08.981,0.97025,0.9706,2.40,2.40
2010.03.12 17:57:12.732,0.9703,0.97065,2.40,2.40
2010.03.12 17:57:35.584,0.97025,0.9706,2.40,2.40
2010.03.12 17:57:36.646,0.9703,0.97065,2.40,2.40
2010.03.12 17:57:37.650,0.97035,0.9707,2.40,2.40
2010.03.12 17:57:37.964,0.97025,0.9706,2.40,2.40
2010.03.12 17:57:38.160,0.9703,0.97065,2.40,2.40
2010.03.12 17:57:40.137,0.9702,0.97055,2.40,2.40
2010.03.12 17:57:43.683,0.97025,0.9706,2.40,2.40
2010.03.12 17:57:45.982,0.9703,0.97065,2.40,2.40
2010.03.12 17:58:12.395,0.97025,0.9706,2.40,2.40
2010.03.12 17:58:16.078,0.9702,0.97055,2.40,2.40
2010.03.12 17:58:20.072,0.97025,0.9706,2.40,2.40
2010.03.12 17:58:23.698,0.9702,0.97055,2.40,2.40
2010.03.12 17:58:26.292,0.9703,0.97065,2.40,2.40
2010.03.12 17:58:26.492,0.97035,0.9707,2.40,2.40
2010.03.12 17:58:29.021,0.9703,0.97065,2.40,2.40
2010.03.12 17:58:33.160,0.97035,0.9707,2.40,2.40
2010.03.12 17:58:34.152,0.9703,0.97065,2.40,2.40
2010.03.12 17:58:45.638,0.97035,0.9707,2.40,2.40
2010.03.12 17:58:46.146,0.9703,0.97065,2.40,2.40
2010.03.12 17:58:46.288,0.97035,0.9707,2.40,2.40
2010.03.12 17:58:52.206,0.9703,0.97065,2.40,2.40
2010.03.12 17:58:55.015,0.97025,0.9706,2.40,2.40
2010.03.12 17:58:56.895,0.9702,0.97055,2.40,2.40
2010.03.12 17:58:57.075,0.97025,0.9706,2.40,2.40
2010.03.12 17:58:59.276,0.9702,0.97055,2.40,2.40
2010.03.12 17:58:59.374,0.9703,0.97065,2.40,2.40
2010.03.12 17:59:00.135,0.97035,0.9707,2.40,2.40
2010.03.12 17:59:06.544,0.9704,0.97075,2.40,2.40
2010.03.12 17:59:08.933,0.97035,0.9707,2.40,2.40
2010.03.12 17:59:13.730,0.97035,0.97075,2.40,2.40
2010.03.12 17:59:13.881,0.9703,0.9707,2.40,2.40
2010.03.12 17:59:14.031,0.97035,0.97075,2.40,2.40
2010.03.12 17:59:17.000,0.9704,0.97075,2.40,2.40
2010.03.12 17:59:18.814,0.97045,0.9708,2.40,2.40
2010.03.12 17:59:20.300,0.9704,0.97075,2.40,2.40
2010.03.12 17:59:21.678,0.97035,0.9707,2.40,2.40
2010.03.12 17:59:22.294,0.97025,0.9706,2.40,2.40
2010.03.12 17:59:28.248,0.9703,0.97065,2.40,2.40
2010.03.12 17:59:30.877,0.97035,0.9707,2.40,2.40
2010.03.12 17:59:33.579,0.9704,0.97075,2.40,2.40
2010.03.12 17:59:34.847,0.97035,0.9707,2.40,2.40
2010.03.12 17:59:35.976,0.9703,0.97065,2.40,2.40
2010.03.12 17:59:36.320,0.97035,0.9707,2.40,2.40
2010.03.12 17:59:48.325,0.9703,0.97065,2.40,2.40
2010.03.12 17:59:48.493,0.97035,0.9707,2.40,2.40
2010.03.12 17:59:51.972,0.9703,0.97065,2.40,2.40
2010.03.12 17:59:53.437,0.97025,0.9706,2.40,2.40
2010.03.12 17:59:56.294,0.9702,0.97055,2.40,2.40
2010.03.12 17:59:57.010,0.9702,0.9706,2.40,2.40
2010.03.12 17:59:58.241,0.9703,0.97065,2.40,2.40
2010.03.12 17:59:58.810,0.9702,0.9706,2.40,2.40
