2015.01.29 08:00:00.375,0.71679,0.7169,4.50,1.00
2015.01.29 08:00:00.965,0.71679,0.71695,4.50,1.00
2015.01.29 08:00:01.186,0.71679,0.71691,4.50,1.00
2015.01.29 08:00:01.522,0.71683,0.7169,2.32,1.00
2015.01.29 08:00:01.573,0.71678,0.7169,2.32,1.00
2015.01.29 08:00:01.676,0.7168,0.71696,4.50,1.00
2015.01.29 08:00:01.736,0.7168,0.7169,4.50,1.00
2015.01.29 08:00:03.148,0.7168,0.71695,4.50,1.00
2015.01.29 08:00:03.477,0.7168,0.717,4.50,1.00
2015.01.29 08:00:04.090,0.71675,0.717,4.50,1.00
2015.01.29 08:00:04.191,0.71673,0.717,2.32,1.00
2015.01.29 08:00:04.491,0.71673,0.71695,2.32,1.00
2015.01.29 08:00:04.906,0.71673,0.717,2.32,1.00
2015.01.29 08:00:05.797,0.71673,0.71701,2.32,1.00
2015.01.29 08:00:06.149,0.71673,0.71695,2.32,1.00
2015.01.29 08:00:06.365,0.71673,0.717,2.32,1.00
2015.01.29 08:00:06.804,0.71673,0.71705,2.32,1.65
2015.01.29 08:00:07.217,0.71673,0.717,2.32,1.00
2015.01.29 08:00:07.366,0.71673,0.71705,2.32,1.65
2015.01.29 08:00:07.467,0.71673,0.717,2.32,1.00
2015.01.29 08:00:08.140,0.71673,0.71701,2.32,1.00
2015.01.29 08:00:08.657,0.71675,0.71706,1.15,2.32
2015.01.29 08:00:08.808,0.71679,0.7171,2.32,1.07
2015.01.29 08:00:09.193,0.71681,0.71713,2.32,3.07
2015.01.29 08:00:09.244,0.71682,0.71713,2.32,1.15
2015.01.29 08:00:10.494,0.71682,0.71711,2.25,2.32
2015.01.29 08:00:10.545,0.71677,0.7171,2.32,2.32
2015.01.29 08:00:10.595,0.71677,0.71707,2.25,2.32
2015.01.29 08:00:10.646,0.71673,0.71706,2.32,2.32
2015.01.29 08:00:10.696,0.71675,0.71706,2.32,2.25
2015.01.29 08:00:10.747,0.71675,0.71711,4.50,4.50
2015.01.29 08:00:12.897,0.71675,0.71709,2.32,2.32
2015.01.29 08:00:12.947,0.71672,0.71709,4.50,4.50
2015.01.29 08:00:16.364,0.7168,0.71709,1.00,4.50
2015.01.29 08:00:16.566,0.71675,0.71709,1.52,4.50
2015.01.29 08:00:16.920,0.71674,0.71704,1.15,2.25
2015.01.29 08:00:17.222,0.7167,0.71696,1.00,2.32
2015.01.29 08:00:17.532,0.71675,0.71696,1.00,2.32
2015.01.29 08:00:18.254,0.7167,0.71696,1.00,2.32
2015.01.29 08:00:19.252,0.71675,0.71696,1.00,2.32
2015.01.29 08:00:19.756,0.7167,0.71696,1.00,2.32
2015.01.29 08:00:20.541,0.7167,0.71695,1.00,2.32
2015.01.29 08:00:20.642,0.71675,0.71695,1.00,4.50
2015.01.29 08:00:20.893,0.71665,0.71695,1.45,2.32
2015.01.29 08:00:21.044,0.71665,0.71697,3.45,2.32
2015.01.29 08:00:21.095,0.7167,0.71699,1.00,2.32
2015.01.29 08:00:21.626,0.71665,0.71699,2.70,2.32
2015.01.29 08:00:22.147,0.7167,0.71699,1.00,2.32
2015.01.29 08:00:22.845,0.7167,0.71693,1.00,2.25
2015.01.29 08:00:23.099,0.7167,0.71695,1.00,2.32
2015.01.29 08:00:23.200,0.7167,0.71699,1.00,2.32
2015.01.29 08:00:23.301,0.71675,0.71699,1.00,2.32
2015.01.29 08:00:23.402,0.7167,0.71699,1.00,2.32
2015.01.29 08:00:24.046,0.71675,0.71699,1.00,2.32
2015.01.29 08:00:24.248,0.71675,0.71702,1.00,2.32
2015.01.29 08:00:24.404,0.7167,0.71702,1.15,2.32
2015.01.29 08:00:25.351,0.7167,0.71699,1.10,2.32
2015.01.29 08:00:26.274,0.71675,0.71699,1.00,2.32
2015.01.29 08:00:26.375,0.7167,0.71699,1.10,2.32
2015.01.29 08:00:27.457,0.71669,0.71702,2.32,2.32
2015.01.29 08:00:28.927,0.71672,0.71702,2.32,2.25
2015.01.29 08:00:28.978,0.71673,0.71706,2.32,2.32
2015.01.29 08:00:29.129,0.71673,0.717,2.32,1.10
2015.01.29 08:00:29.179,0.7167,0.717,2.32,1.17
2015.01.29 08:00:29.280,0.71667,0.717,2.32,1.15
2015.01.29 08:00:30.249,0.71672,0.71701,2.25,2.25
2015.01.29 08:00:30.300,0.71672,0.71708,4.50,4.50
2015.01.29 08:00:30.350,0.71675,0.71708,2.32,2.32
2015.01.29 08:00:30.401,0.71676,0.7171,2.32,3.07
2015.01.29 08:00:31.156,0.71676,0.71709,2.25,2.32
2015.01.29 08:00:31.307,0.71677,0.7171,2.32,1.15
2015.01.29 08:00:31.562,0.7168,0.7171,2.32,1.07
2015.01.29 08:00:32.187,0.7168,0.71706,2.32,1.00
2015.01.29 08:00:32.296,0.7168,0.7171,2.32,1.07
2015.01.29 08:00:32.346,0.71683,0.7171,2.32,1.07
2015.01.29 08:00:32.881,0.71684,0.7171,2.32,1.00
2015.01.29 08:00:33.336,0.71686,0.7171,4.50,1.00
2015.01.29 08:00:34.314,0.71686,0.71715,4.50,1.00
2015.01.29 08:00:35.094,0.71686,0.71716,4.50,1.00
2015.01.29 08:00:35.144,0.71689,0.71716,2.32,1.00
2015.01.29 08:00:35.447,0.71687,0.71711,2.25,1.00
2015.01.29 08:00:35.497,0.71676,0.71715,4.50,1.15
2015.01.29 08:00:35.856,0.71676,0.7171,4.50,1.00
2015.01.29 08:00:36.365,0.71676,0.71715,4.50,1.15
2015.01.29 08:00:36.587,0.71676,0.7171,4.50,1.00
2015.01.29 08:00:38.865,0.71676,0.71701,2.25,2.25
2015.01.29 08:00:38.916,0.71666,0.717,2.32,2.32
2015.01.29 08:00:38.966,0.71666,0.71698,2.32,2.32
2015.01.29 08:00:39.269,0.71661,0.7169,1.07,2.25
2015.01.29 08:00:39.319,0.71661,0.71694,3.07,2.32
2015.01.29 08:00:40.355,0.71667,0.71694,1.00,2.32
2015.01.29 08:00:44.987,0.71668,0.71694,1.00,2.32
2015.01.29 08:00:45.239,0.71668,0.71699,1.17,2.32
2015.01.29 08:00:45.802,0.71668,0.71702,2.32,2.32
2015.01.29 08:00:49.618,0.71671,0.71704,3.07,2.32
2015.01.29 08:00:50.523,0.71671,0.717,1.00,2.32
2015.01.29 08:00:50.724,0.71672,0.71705,2.32,1.15
2015.01.29 08:00:50.825,0.71677,0.71709,2.32,1.15
2015.01.29 08:00:52.397,0.71677,0.71709,2.32,3.07
2015.01.29 08:00:52.448,0.71674,0.71708,3.07,2.32
2015.01.29 08:00:52.498,0.71674,0.71706,2.32,2.32
2015.01.29 08:00:52.549,0.71673,0.71705,1.15,2.32
2015.01.29 08:00:55.503,0.71674,0.71705,1.15,2.32
2015.01.29 08:00:55.604,0.71674,0.71709,1.15,5.25
2015.01.29 08:00:55.654,0.71677,0.7171,2.32,1.15
2015.01.29 08:00:56.245,0.71675,0.717,1.00,2.32
2015.01.29 08:00:56.346,0.71678,0.7171,4.50,1.20
2015.01.29 08:01:00.530,0.71681,0.71713,2.32,1.17
2015.01.29 08:01:00.581,0.71682,0.71713,2.32,1.17
2015.01.29 08:01:00.934,0.71682,0.71706,2.25,2.25
2015.01.29 08:01:00.984,0.71675,0.71705,1.17,2.32
2015.01.29 08:01:01.585,0.71675,0.71704,1.00,4.50
2015.01.29 08:01:01.736,0.71675,0.71702,1.00,2.32
2015.01.29 08:01:02.071,0.71672,0.717,1.00,2.32
2015.01.29 08:01:02.592,0.71673,0.717,1.00,2.32
2015.01.29 08:01:04.934,0.71673,0.71697,1.00,2.32
2015.01.29 08:01:05.514,0.71672,0.71696,1.00,2.32
2015.01.29 08:01:06.889,0.71671,0.71696,1.00,2.32
2015.01.29 08:01:07.234,0.71671,0.71694,1.00,2.32
2015.01.29 08:01:07.675,0.71672,0.71697,1.00,2.32
2015.01.29 08:01:12.522,0.71673,0.71697,1.00,2.32
2015.01.29 08:01:12.673,0.71673,0.71702,1.10,2.32
2015.01.29 08:01:12.723,0.71675,0.71702,1.00,2.32
2015.01.29 08:01:12.774,0.71675,0.71704,1.00,4.50
2015.01.29 08:01:12.824,0.71678,0.71704,1.00,4.50
2015.01.29 08:01:17.013,0.71677,0.71701,1.00,2.32
2015.01.29 08:01:17.114,0.71677,0.71705,1.00,4.50
2015.01.29 08:01:17.961,0.71677,0.71701,1.00,2.32
2015.01.29 08:01:18.474,0.71677,0.71702,1.00,2.32
2015.01.29 08:01:19.652,0.71678,0.71702,1.00,2.32
2015.01.29 08:01:27.765,0.71679,0.71702,1.00,2.32
2015.01.29 08:01:36.784,0.71677,0.71702,1.00,2.32
2015.01.29 08:01:38.609,0.71677,0.71703,1.00,4.50
2015.01.29 08:01:39.537,0.71667,0.717,2.32,2.32
2015.01.29 08:01:39.638,0.71663,0.71694,1.15,2.32
2015.01.29 08:01:39.952,0.71657,0.71687,1.10,2.32
2015.01.29 08:01:48.059,0.71654,0.71682,1.00,2.32
2015.01.29 08:01:48.385,0.71655,0.7168,1.00,2.32
2015.01.29 08:01:48.637,0.71645,0.71674,1.00,4.50
2015.01.29 08:01:48.738,0.71645,0.71671,1.00,2.32
2015.01.29 08:01:49.130,0.71645,0.71668,1.00,2.32
2015.01.29 08:01:49.281,0.7164,0.71668,1.00,2.32
2015.01.29 08:01:49.593,0.71638,0.71668,1.10,2.32
2015.01.29 08:01:50.144,0.71639,0.71668,1.00,2.32
2015.01.29 08:01:51.193,0.71637,0.71668,1.17,2.32
2015.01.29 08:01:51.345,0.71637,0.71664,1.00,2.32
2015.01.29 08:01:51.446,0.71637,0.71669,1.17,2.32
2015.01.29 08:01:51.547,0.71634,0.71666,1.15,2.32
2015.01.29 08:01:52.074,0.71637,0.71666,1.00,2.32
2015.01.29 08:01:54.185,0.71635,0.71666,1.17,2.32
2015.01.29 08:01:54.558,0.71636,0.71668,1.15,2.32
2015.01.29 08:01:59.475,0.71633,0.71664,1.15,2.32
2015.01.29 08:01:59.677,0.71629,0.71661,1.15,2.32
2015.01.29 08:02:00.292,0.71627,0.71655,1.00,4.50
2015.01.29 08:02:00.343,0.71622,0.71655,1.15,4.50
2015.01.29 08:02:00.393,0.71622,0.71653,1.00,4.50
2015.01.29 08:02:00.696,0.71612,0.71643,1.15,2.32
2015.01.29 08:02:00.796,0.71612,0.71648,1.00,4.50
2015.01.29 08:02:01.099,0.71604,0.71639,3.07,1.00
2015.01.29 08:02:01.436,0.71604,0.71639,1.00,3.07
2015.01.29 08:02:02.312,0.71605,0.71639,1.00,2.32
2015.01.29 08:02:03.028,0.71609,0.71639,1.00,2.32
2015.01.29 08:02:03.893,0.71605,0.71639,1.00,3.07
2015.01.29 08:02:04.114,0.71615,0.71637,1.00,1.15
2015.01.29 08:02:04.673,0.71602,0.71637,1.55,1.15
2015.01.29 08:02:04.875,0.716,0.71635,1.07,2.25
2015.01.29 08:02:04.926,0.716,0.71635,1.00,2.32
2015.01.29 08:02:05.494,0.71598,0.71634,1.17,1.15
2015.01.29 08:02:05.975,0.71604,0.71635,1.00,2.32
2015.01.29 08:02:06.126,0.71604,0.7164,1.00,1.15
2015.01.29 08:02:06.732,0.71603,0.71638,1.20,1.15
2015.01.29 08:02:09.403,0.71603,0.71636,1.10,2.25
2015.01.29 08:02:09.605,0.71596,0.71633,2.32,1.17
2015.01.29 08:02:12.895,0.71596,0.71629,2.32,1.00
2015.01.29 08:02:13.046,0.71597,0.71631,1.00,2.32
2015.01.29 08:02:13.348,0.71592,0.71625,2.32,1.00
2015.01.29 08:02:14.095,0.71594,0.7163,1.15,1.15
2015.01.29 08:02:14.773,0.71598,0.71631,1.00,2.32
2015.01.29 08:02:15.005,0.71598,0.71634,1.07,1.15
2015.01.29 08:02:22.901,0.716,0.71635,1.00,2.32
2015.01.29 08:02:22.952,0.716,0.71635,1.07,2.25
2015.01.29 08:02:23.003,0.71603,0.7164,1.17,3.07
2015.01.29 08:02:23.634,0.71605,0.7164,1.07,2.25
2015.01.29 08:02:23.735,0.71605,0.71643,1.15,1.15
2015.01.29 08:02:25.314,0.71604,0.71638,2.32,1.00
2015.01.29 08:02:25.415,0.71601,0.71638,1.15,3.07
2015.01.29 08:02:25.465,0.71601,0.71634,1.15,2.32
2015.01.29 08:02:26.000,0.71599,0.71632,2.32,1.15
2015.01.29 08:02:29.548,0.71599,0.71631,2.32,2.32
2015.01.29 08:02:29.649,0.71596,0.7163,3.07,2.32
2015.01.29 08:02:32.079,0.71599,0.7163,1.15,2.32
2015.01.29 08:02:32.130,0.71599,0.71633,3.07,2.32
2015.01.29 08:02:35.402,0.71599,0.71628,2.25,2.25
2015.01.29 08:02:35.453,0.71593,0.71627,3.07,2.32
2015.01.29 08:02:35.604,0.71593,0.71625,2.25,2.32
2015.01.29 08:02:35.655,0.71588,0.71622,2.32,1.15
2015.01.29 08:02:35.893,0.71588,0.7162,2.32,2.32
2015.01.29 08:02:35.944,0.71585,0.71619,2.32,2.32
2015.01.29 08:02:35.994,0.71585,0.71617,2.32,2.32
2015.01.29 08:02:36.045,0.71583,0.71616,3.07,2.32
2015.01.29 08:02:39.794,0.71585,0.71616,2.32,2.32
2015.01.29 08:02:39.844,0.71586,0.71619,2.32,2.32
2015.01.29 08:02:39.945,0.71584,0.71617,1.15,2.32
2015.01.29 08:02:39.996,0.71586,0.71617,2.32,2.32
2015.01.29 08:02:40.046,0.71587,0.7162,2.32,2.32
2015.01.29 08:02:40.455,0.71589,0.71623,2.32,2.32
2015.01.29 08:02:42.934,0.71589,0.71619,2.25,2.32
2015.01.29 08:02:42.985,0.71585,0.71618,2.32,2.32
2015.01.29 08:02:43.036,0.71585,0.71616,2.32,2.32
2015.01.29 08:02:43.086,0.71582,0.71615,2.32,2.32
2015.01.29 08:02:46.996,0.71584,0.71612,1.07,2.32
2015.01.29 08:02:47.047,0.71584,0.71612,1.00,4.50
2015.01.29 08:02:47.097,0.71581,0.71604,1.00,2.25
2015.01.29 08:02:47.198,0.71572,0.71603,1.15,2.32
2015.01.29 08:02:47.350,0.71571,0.71601,1.10,2.32
2015.01.29 08:02:49.005,0.71571,0.71601,1.17,2.32
2015.01.29 08:02:49.055,0.71573,0.71604,1.17,2.32
2015.01.29 08:02:49.207,0.71573,0.71604,3.07,2.25
2015.01.29 08:02:49.257,0.71574,0.71608,2.32,2.32
2015.01.29 08:02:50.425,0.71574,0.71604,2.25,2.32
2015.01.29 08:02:50.475,0.71573,0.71603,1.10,2.32
2015.01.29 08:02:50.526,0.71574,0.71603,1.07,2.25
2015.01.29 08:02:50.576,0.71574,0.71607,3.07,2.32
2015.01.29 08:02:50.714,0.71577,0.71604,1.07,2.32
2015.01.29 08:02:50.865,0.71575,0.71609,1.15,4.50
2015.01.29 08:02:50.915,0.71575,0.71602,1.07,2.25
2015.01.29 08:02:50.966,0.71571,0.71601,1.17,2.32
2015.01.29 08:02:51.218,0.7157,0.71601,3.07,2.25
2015.01.29 08:02:51.268,0.7157,0.71606,5.25,4.50
2015.01.29 08:02:51.319,0.71573,0.71606,2.32,2.32
2015.01.29 08:02:51.571,0.71568,0.71606,1.15,2.32
2015.01.29 08:02:51.706,0.71575,0.71606,1.00,2.32
2015.01.29 08:02:51.807,0.71577,0.71609,1.00,2.32
2015.01.29 08:02:51.907,0.71577,0.71607,1.17,2.32
2015.01.29 08:02:57.528,0.71586,0.71607,2.25,2.25
2015.01.29 08:02:57.578,0.71586,0.71616,4.50,1.00
2015.01.29 08:02:57.629,0.71586,0.71615,2.25,2.25
2015.01.29 08:02:57.680,0.7158,0.71614,3.07,2.32
2015.01.29 08:02:57.730,0.7158,0.71611,3.00,2.32
2015.01.29 08:02:57.781,0.7158,0.71611,1.00,4.50
2015.01.29 08:02:58.133,0.71578,0.71611,2.32,2.32
2015.01.29 08:02:58.184,0.71578,0.71614,5.25,4.50
2015.01.29 08:02:58.234,0.71578,0.71611,3.07,2.32
2015.01.29 08:02:58.751,0.71578,0.7161,1.15,2.32
2015.01.29 08:02:59.188,0.71573,0.71607,3.07,2.32
2015.01.29 08:03:01.031,0.71575,0.71607,3.07,2.32
2015.01.29 08:03:01.081,0.71575,0.71611,5.25,4.50
2015.01.29 08:03:01.132,0.71575,0.71608,3.07,2.32
2015.01.29 08:03:01.183,0.71576,0.71607,1.17,2.32
2015.01.29 08:03:01.435,0.71576,0.71607,2.32,2.25
2015.01.29 08:03:01.485,0.71576,0.71612,5.25,4.50
2015.01.29 08:03:01.637,0.71576,0.71608,2.32,2.32
2015.01.29 08:03:01.687,0.71574,0.71607,2.32,2.32
2015.01.29 08:03:03.637,0.71578,0.71607,1.17,2.25
2015.01.29 08:03:03.687,0.71578,0.71611,1.15,2.32
2015.01.29 08:03:05.173,0.71577,0.71609,2.32,2.32
2015.01.29 08:03:05.224,0.71576,0.71608,1.15,2.32
2015.01.29 08:03:05.274,0.71576,0.71605,1.07,2.32
2015.01.29 08:03:05.325,0.71576,0.71604,1.00,2.32
2015.01.29 08:03:05.426,0.71573,0.71607,3.07,2.32
2015.01.29 08:03:06.153,0.71575,0.71607,1.15,2.25
2015.01.29 08:03:06.254,0.71575,0.71611,3.07,2.32
2015.01.29 08:03:06.737,0.71584,0.71611,2.25,2.25
2015.01.29 08:03:06.838,0.71585,0.7161,2.32,1.00
2015.01.29 08:03:06.939,0.71587,0.7161,2.32,1.00
2015.01.29 08:03:06.989,0.71587,0.71615,3.07,1.10
2015.01.29 08:03:07.512,0.71588,0.71615,2.32,1.00
2015.01.29 08:03:07.640,0.71588,0.71621,2.32,1.15
2015.01.29 08:03:08.363,0.71588,0.71619,2.25,2.32
2015.01.29 08:03:08.414,0.71587,0.71615,1.17,1.17
2015.01.29 08:03:08.666,0.71592,0.71615,1.00,1.17
2015.01.29 08:03:10.264,0.71592,0.71615,1.00,2.32
2015.01.29 08:03:10.315,0.71589,0.71613,1.00,2.32
2015.01.29 08:03:10.416,0.71592,0.71618,1.00,2.32
2015.01.29 08:03:10.517,0.71594,0.71624,1.00,4.50
2015.01.29 08:03:10.568,0.71594,0.71621,1.00,2.32
2015.01.29 08:03:10.880,0.71594,0.71619,1.00,2.32
2015.01.29 08:03:11.395,0.71593,0.71619,1.00,2.32
2015.01.29 08:03:11.446,0.71593,0.71622,1.00,2.32
2015.01.29 08:03:12.743,0.71596,0.71622,1.00,2.32
2015.01.29 08:03:13.280,0.71594,0.71622,1.00,2.32
2015.01.29 08:03:13.381,0.71596,0.71622,1.00,2.32
2015.01.29 08:03:13.533,0.71599,0.71626,1.00,2.32
2015.01.29 08:03:13.584,0.71601,0.71626,1.00,2.32
2015.01.29 08:03:13.634,0.71601,0.71628,1.00,2.32
2015.01.29 08:03:14.021,0.71602,0.71631,1.00,2.32
2015.01.29 08:03:15.756,0.71602,0.71631,1.07,2.32
2015.01.29 08:03:17.722,0.71603,0.71626,1.00,1.00
2015.01.29 08:03:18.203,0.716,0.71626,1.07,1.07
2015.01.29 08:03:18.355,0.71597,0.71626,1.20,1.15
2015.01.29 08:03:19.473,0.71596,0.71625,1.07,1.17
2015.01.29 08:03:20.033,0.71594,0.71621,1.15,1.00
2015.01.29 08:03:20.560,0.71594,0.7162,1.15,1.00
2015.01.29 08:03:20.610,0.71594,0.71625,1.15,1.15
2015.01.29 08:03:22.371,0.71594,0.7162,1.15,1.00
2015.01.29 08:03:22.691,0.71592,0.71625,2.32,1.15
2015.01.29 08:03:22.842,0.71591,0.71623,3.07,2.32
2015.01.29 08:03:22.892,0.71591,0.7162,1.15,1.17
2015.01.29 08:03:26.282,0.7159,0.7161,1.15,1.00
2015.01.29 08:03:26.383,0.71588,0.7161,1.00,1.00
2015.01.29 08:03:26.484,0.71583,0.7161,1.17,1.00
2015.01.29 08:03:26.706,0.71583,0.7161,1.00,1.17
2015.01.29 08:03:27.321,0.71581,0.7161,1.07,1.17
2015.01.29 08:03:29.691,0.71579,0.7161,1.00,3.07
2015.01.29 08:03:32.807,0.71579,0.71605,1.00,1.00
2015.01.29 08:03:33.623,0.71578,0.71605,1.10,1.00
2015.01.29 08:03:33.674,0.71578,0.716,1.10,1.00
2015.01.29 08:03:34.091,0.71578,0.71606,1.10,1.10
2015.01.29 08:03:34.459,0.71578,0.71601,1.10,1.00
2015.01.29 08:03:34.961,0.71578,0.716,1.10,1.00
2015.01.29 08:03:36.182,0.71578,0.71605,1.10,1.00
2015.01.29 08:03:37.293,0.71578,0.71605,1.00,1.07
2015.01.29 08:03:38.406,0.71578,0.716,1.00,3.07
2015.01.29 08:03:38.557,0.71569,0.716,1.17,3.07
2015.01.29 08:03:38.607,0.71569,0.71595,1.00,1.15
2015.01.29 08:03:38.909,0.71568,0.71595,1.00,1.00
2015.01.29 08:03:39.165,0.71567,0.7159,1.00,1.00
2015.01.29 08:03:39.542,0.71564,0.7159,1.10,1.00
2015.01.29 08:03:39.693,0.71561,0.7159,1.00,1.00
2015.01.29 08:03:39.981,0.71564,0.7159,1.00,1.00
2015.01.29 08:03:40.497,0.71564,0.71591,1.00,1.00
2015.01.29 08:03:41.007,0.71565,0.7159,1.00,1.00
2015.01.29 08:03:41.333,0.71567,0.7159,1.00,1.00
2015.01.29 08:03:42.124,0.71567,0.71595,1.00,1.00
2015.01.29 08:03:49.441,0.71569,0.71595,1.00,1.00
2015.01.29 08:03:49.969,0.71569,0.7159,1.00,1.00
2015.01.29 08:03:50.191,0.71569,0.71595,1.00,1.00
2015.01.29 08:03:51.422,0.7157,0.71595,1.00,1.00
2015.01.29 08:03:51.624,0.71571,0.716,1.00,1.10
2015.01.29 08:03:51.674,0.7158,0.716,1.00,1.00
2015.01.29 08:03:52.131,0.7158,0.71605,1.00,1.17
2015.01.29 08:03:52.638,0.71577,0.71605,1.15,1.17
2015.01.29 08:03:52.839,0.71577,0.71601,1.15,1.00
2015.01.29 08:03:53.342,0.71577,0.716,1.15,1.00
2015.01.29 08:03:53.673,0.71577,0.71605,1.15,1.17
2015.01.29 08:03:53.824,0.71577,0.716,1.15,1.00
2015.01.29 08:03:54.112,0.71577,0.71605,1.15,1.17
2015.01.29 08:03:54.263,0.71577,0.716,1.15,1.00
2015.01.29 08:03:54.662,0.7158,0.71605,1.00,1.17
2015.01.29 08:03:54.773,0.7158,0.716,1.00,1.00
2015.01.29 08:03:55.635,0.71582,0.716,1.00,1.00
2015.01.29 08:03:55.967,0.7158,0.716,1.10,1.00
2015.01.29 08:03:57.097,0.7158,0.71605,1.10,1.00
2015.01.29 08:03:57.615,0.71585,0.71605,1.00,1.00
2015.01.29 08:03:57.666,0.71585,0.71611,1.00,2.32
2015.01.29 08:03:57.717,0.71591,0.71614,1.00,2.32
2015.01.29 08:03:57.767,0.71591,0.71616,1.00,3.07
2015.01.29 08:03:57.969,0.71591,0.71615,1.00,1.07
2015.01.29 08:03:58.226,0.71591,0.7162,1.00,3.07
2015.01.29 08:03:58.837,0.71592,0.71615,1.00,1.00
2015.01.29 08:03:59.350,0.71593,0.71615,1.10,1.00
2015.01.29 08:04:00.382,0.71592,0.7161,1.17,1.00
2015.01.29 08:04:00.483,0.71591,0.7161,1.00,1.00
2015.01.29 08:04:00.635,0.71592,0.71615,1.00,1.10
2015.01.29 08:04:00.685,0.71597,0.71615,1.00,1.10
2015.01.29 08:04:00.786,0.71594,0.71615,1.00,1.00
2015.01.29 08:04:01.073,0.71594,0.7161,1.00,1.00
2015.01.29 08:04:01.173,0.71594,0.71616,1.00,1.00
2015.01.29 08:04:01.412,0.71593,0.7161,1.00,1.00
2015.01.29 08:04:02.410,0.71593,0.71611,1.00,1.00
2015.01.29 08:04:03.176,0.71593,0.71615,1.00,1.00
2015.01.29 08:04:03.572,0.71593,0.7161,1.00,1.00
2015.01.29 08:04:04.071,0.71587,0.7161,5.25,1.00
2015.01.29 08:04:04.122,0.71587,0.71615,5.25,1.00
2015.01.29 08:04:04.783,0.71587,0.7161,5.25,1.00
2015.01.29 08:04:05.121,0.71587,0.71615,5.25,1.00
2015.01.29 08:04:05.704,0.71587,0.7161,5.25,1.00
2015.01.29 08:04:06.027,0.71587,0.71615,5.25,1.00
2015.01.29 08:04:06.147,0.71587,0.7161,5.25,1.00
2015.01.29 08:04:07.797,0.71587,0.71615,5.25,1.00
2015.01.29 08:04:08.002,0.71586,0.71615,1.15,1.20
2015.01.29 08:04:10.719,0.71587,0.71615,2.32,1.00
2015.01.29 08:04:12.602,0.71587,0.71616,2.32,1.10
2015.01.29 08:04:13.142,0.71587,0.71615,2.32,1.00
2015.01.29 08:04:14.387,0.71587,0.7162,2.32,2.32
2015.01.29 08:04:14.842,0.7159,0.71624,2.32,2.32
2015.01.29 08:04:19.667,0.71583,0.71617,3.07,2.32
2015.01.29 08:04:19.970,0.71586,0.71618,2.32,1.15
2015.01.29 08:04:20.943,0.71588,0.71622,2.32,3.07
2015.01.29 08:04:22.596,0.71588,0.71606,2.32,1.00
2015.01.29 08:04:22.647,0.71585,0.71606,2.32,1.00
2015.01.29 08:04:26.130,0.71584,0.71606,2.25,1.00
2015.01.29 08:04:26.181,0.71579,0.71604,2.32,1.00
2015.01.29 08:04:26.332,0.71579,0.71598,2.32,1.00
2015.01.29 08:04:26.890,0.71579,0.71599,2.32,1.00
2015.01.29 08:04:27.502,0.71579,0.71598,2.32,1.00
2015.01.29 08:04:28.869,0.71576,0.71596,2.32,1.00
2015.01.29 08:04:28.970,0.71572,0.71596,4.50,1.00
2015.01.29 08:04:29.533,0.71572,0.71595,4.50,1.00
2015.01.29 08:04:30.379,0.71572,0.71594,4.50,1.00
2015.01.29 08:04:32.387,0.71567,0.71594,2.32,1.00
2015.01.29 08:04:32.488,0.71567,0.71588,2.32,1.00
2015.01.29 08:04:38.961,0.71567,0.71589,2.32,1.00
2015.01.29 08:04:39.202,0.7157,0.71593,2.32,1.00
2015.01.29 08:04:39.303,0.71567,0.71591,2.32,1.00
2015.01.29 08:04:39.505,0.71567,0.71587,2.32,1.00
2015.01.29 08:04:44.225,0.71567,0.71592,2.32,1.00
2015.01.29 08:04:45.765,0.71571,0.71592,2.25,1.00
2015.01.29 08:04:47.653,0.71571,0.71593,2.32,1.00
2015.01.29 08:04:48.410,0.71572,0.71593,4.50,1.00
2015.01.29 08:04:48.987,0.71572,0.71594,4.50,1.00
2015.01.29 08:04:54.890,0.71572,0.71593,4.50,1.00
2015.01.29 08:04:56.105,0.71567,0.71593,2.32,1.00
2015.01.29 08:04:56.210,0.71567,0.71588,2.32,1.00
2015.01.29 08:04:56.998,0.71564,0.71588,2.32,1.00
2015.01.29 08:04:58.320,0.71564,0.71584,2.32,1.00
2015.01.29 08:04:58.421,0.71559,0.71584,2.32,1.00
2015.01.29 08:04:58.521,0.71559,0.71582,2.32,1.00
2015.01.29 08:04:58.673,0.71559,0.71585,2.32,1.00
2015.01.29 08:04:58.875,0.71559,0.71583,2.32,1.00
2015.01.29 08:04:59.192,0.71559,0.71581,2.32,1.00
2015.01.29 08:04:59.441,0.71555,0.71579,2.32,1.00
2015.01.29 08:04:59.995,0.71555,0.7158,2.32,1.00
2015.01.29 08:05:00.191,0.71557,0.7158,2.32,1.00
2015.01.29 08:05:00.516,0.71562,0.71584,2.32,1.00
2015.01.29 08:05:04.570,0.71562,0.71585,2.32,1.00
2015.01.29 08:05:05.231,0.71562,0.71584,2.32,1.00
2015.01.29 08:05:08.134,0.71559,0.71584,2.32,1.00
2015.01.29 08:05:10.181,0.71559,0.71583,2.32,1.00
2015.01.29 08:05:10.818,0.71559,0.71582,2.32,1.00
2015.01.29 08:05:11.390,0.71559,0.71583,2.32,1.00
2015.01.29 08:05:12.853,0.71562,0.71583,2.32,1.00
2015.01.29 08:05:13.088,0.71562,0.71586,2.32,1.00
2015.01.29 08:05:13.139,0.71565,0.71586,2.32,1.00
2015.01.29 08:05:13.290,0.71565,0.71586,1.15,1.00
2015.01.29 08:05:13.798,0.71563,0.71585,2.32,1.00
2015.01.29 08:05:15.832,0.71562,0.71585,2.32,1.00
2015.01.29 08:05:15.933,0.71559,0.71583,2.32,1.00
2015.01.29 08:05:16.033,0.71558,0.7158,2.32,1.00
2015.01.29 08:05:16.084,0.71554,0.7158,4.50,1.00
2015.01.29 08:05:16.134,0.71554,0.71576,4.50,1.00
2015.01.29 08:05:16.680,0.71554,0.71577,4.50,1.00
2015.01.29 08:05:18.540,0.71554,0.71579,4.50,1.00
2015.01.29 08:05:18.752,0.71558,0.71579,2.32,1.00
2015.01.29 08:05:19.297,0.71558,0.7158,2.32,1.00
2015.01.29 08:05:19.809,0.71558,0.71581,2.32,1.00
2015.01.29 08:05:20.151,0.71561,0.71581,2.32,1.00
2015.01.29 08:05:20.630,0.71561,0.71583,2.32,1.00
2015.01.29 08:05:20.680,0.71563,0.71583,2.32,1.00
2015.01.29 08:05:21.994,0.71563,0.71582,2.32,1.00
2015.01.29 08:05:22.651,0.71562,0.7158,2.32,1.00
2015.01.29 08:05:22.701,0.71558,0.7158,2.32,1.00
2015.01.29 08:05:22.822,0.71558,0.71577,2.32,1.00
2015.01.29 08:05:24.239,0.71557,0.71577,2.32,1.00
2015.01.29 08:05:24.790,0.71555,0.71577,2.32,1.00
2015.01.29 08:05:26.790,0.71555,0.71578,2.32,1.00
2015.01.29 08:05:31.758,0.71555,0.7158,2.32,1.00
2015.01.29 08:05:31.811,0.71558,0.7158,4.50,1.00
2015.01.29 08:05:34.050,0.71558,0.71581,4.50,1.00
2015.01.29 08:05:34.353,0.71564,0.71585,3.07,1.00
2015.01.29 08:05:34.821,0.71564,0.71583,2.32,1.00
2015.01.29 08:05:34.922,0.7156,0.71583,2.32,1.00
2015.01.29 08:05:35.023,0.7156,0.71583,1.17,1.00
2015.01.29 08:05:35.073,0.71559,0.71577,1.15,1.00
2015.01.29 08:05:38.780,0.71557,0.71581,2.32,1.00
2015.01.29 08:05:39.132,0.71559,0.71584,4.50,1.00
2015.01.29 08:05:39.334,0.71559,0.71582,4.50,1.00
2015.01.29 08:05:39.486,0.71559,0.71584,4.50,1.00
2015.01.29 08:05:39.688,0.71563,0.71585,2.32,1.00
2015.01.29 08:05:41.734,0.71568,0.71585,2.32,1.00
2015.01.29 08:05:41.785,0.71568,0.71587,2.32,1.00
2015.01.29 08:05:42.292,0.71568,0.71586,2.32,1.00
2015.01.29 08:05:45.315,0.71568,0.71585,2.32,1.00
2015.01.29 08:05:47.612,0.71568,0.71587,2.32,1.00
2015.01.29 08:05:47.813,0.71573,0.71589,2.32,1.00
2015.01.29 08:05:48.326,0.71573,0.7159,2.32,1.00
2015.01.29 08:05:49.779,0.71573,0.71593,2.32,1.00
2015.01.29 08:05:50.332,0.71573,0.71594,2.32,1.00
2015.01.29 08:05:50.434,0.71576,0.71594,2.32,1.00
2015.01.29 08:05:53.213,0.71576,0.71593,2.32,1.00
2015.01.29 08:05:58.931,0.71576,0.71592,2.32,1.00
2015.01.29 08:05:58.982,0.71571,0.71592,2.32,1.00
2015.01.29 08:06:00.341,0.71571,0.71594,2.32,1.00
2015.01.29 08:06:04.079,0.71571,0.71597,2.32,1.00
2015.01.29 08:06:04.180,0.71576,0.71597,2.32,1.00
2015.01.29 08:06:04.231,0.71576,0.71602,2.32,1.00
2015.01.29 08:06:04.281,0.71579,0.71602,2.32,1.00
2015.01.29 08:06:04.483,0.71572,0.71596,4.50,1.00
2015.01.29 08:06:04.761,0.71572,0.71598,4.50,1.00
2015.01.29 08:06:04.862,0.71572,0.716,4.50,1.00
2015.01.29 08:06:05.281,0.71576,0.71601,2.32,1.00
2015.01.29 08:06:06.358,0.7158,0.71601,1.17,1.00
2015.01.29 08:06:06.961,0.71577,0.71604,4.50,1.00
2015.01.29 08:06:07.699,0.71581,0.71604,2.32,1.00
2015.01.29 08:06:09.360,0.71581,0.71602,2.32,1.00
2015.01.29 08:06:12.924,0.71578,0.71603,2.32,1.00
2015.01.29 08:06:14.131,0.71578,0.71602,2.32,1.00
2015.01.29 08:06:14.232,0.71574,0.716,2.32,1.00
2015.01.29 08:06:14.832,0.71575,0.716,4.50,1.00
2015.01.29 08:06:16.009,0.71575,0.71601,4.50,1.00
2015.01.29 08:06:20.400,0.71578,0.71601,2.32,1.00
2015.01.29 08:06:20.958,0.71578,0.716,4.50,1.00
2015.01.29 08:06:21.526,0.71578,0.71601,4.50,1.00
2015.01.29 08:06:25.859,0.71575,0.71601,2.32,1.00
2015.01.29 08:06:26.869,0.71575,0.716,2.32,1.00
2015.01.29 08:06:27.499,0.71574,0.716,2.32,1.00
2015.01.29 08:06:28.409,0.71574,0.71603,2.32,1.10
2015.01.29 08:06:29.017,0.71576,0.71607,2.32,3.00
2015.01.29 08:06:29.067,0.71577,0.71607,2.32,1.10
2015.01.29 08:06:35.015,0.71577,0.71606,2.32,1.00
2015.01.29 08:06:38.245,0.71577,0.71609,2.32,1.15
2015.01.29 08:06:42.656,0.71577,0.71607,2.32,1.17
2015.01.29 08:06:42.707,0.71575,0.71607,3.07,1.15
2015.01.29 08:06:49.200,0.71577,0.71608,2.32,1.17
2015.01.29 08:06:50.674,0.71577,0.71608,2.32,1.15
2015.01.29 08:06:50.725,0.71575,0.71608,1.15,3.07
2015.01.29 08:06:54.686,0.71577,0.71608,2.32,1.15
2015.01.29 08:06:55.406,0.71577,0.71608,2.32,1.15
2015.01.29 08:07:00.922,0.71574,0.71606,2.32,1.17
2015.01.29 08:07:10.769,0.71574,0.71601,2.32,1.00
2015.01.29 08:07:11.077,0.7156,0.71582,1.00,1.00
2015.01.29 08:07:11.451,0.71555,0.71583,1.00,1.15
2015.01.29 08:07:11.653,0.7155,0.71576,2.32,1.00
2015.01.29 08:07:11.854,0.71542,0.71571,2.32,1.00
2015.01.29 08:07:11.956,0.71539,0.71571,2.32,1.15
2015.01.29 08:07:12.057,0.71535,0.71569,2.32,3.07
2015.01.29 08:07:12.359,0.71532,0.7156,2.32,1.00
2015.01.29 08:07:12.823,0.7153,0.71559,2.32,1.00
2015.01.29 08:07:12.874,0.71528,0.71559,4.50,1.00
2015.01.29 08:07:13.838,0.71528,0.71557,4.50,1.00
2015.01.29 08:07:14.356,0.71528,0.71556,4.50,1.00
2015.01.29 08:07:14.829,0.71528,0.71554,4.50,1.00
2015.01.29 08:07:15.389,0.71528,0.71553,4.50,1.00
2015.01.29 08:07:15.490,0.71526,0.71552,2.32,1.00
2015.01.29 08:07:16.066,0.71526,0.71546,2.32,1.00
2015.01.29 08:07:16.180,0.71522,0.71543,2.32,1.00
2015.01.29 08:07:16.231,0.7152,0.71543,2.32,1.00
2015.01.29 08:07:16.282,0.71518,0.71543,4.50,1.00
2015.01.29 08:07:16.588,0.71514,0.7154,4.50,1.00
2015.01.29 08:07:17.056,0.71512,0.71538,2.32,1.00
2015.01.29 08:07:17.689,0.71512,0.71537,2.32,1.00
2015.01.29 08:07:17.790,0.71506,0.71537,2.32,1.00
2015.01.29 08:07:19.824,0.71506,0.71539,2.32,1.00
2015.01.29 08:07:19.875,0.7152,0.71539,2.32,1.00
2015.01.29 08:07:20.027,0.71524,0.71547,2.32,1.00
2015.01.29 08:07:20.175,0.71521,0.71547,2.32,1.00
2015.01.29 08:07:20.988,0.71521,0.71548,2.32,1.00
2015.01.29 08:07:26.065,0.71521,0.71542,2.32,1.00
2015.01.29 08:07:26.370,0.71519,0.71541,2.32,1.00
2015.01.29 08:07:26.421,0.71517,0.7154,2.32,1.00
2015.01.29 08:07:28.607,0.7151,0.71536,1.15,1.00
2015.01.29 08:07:28.708,0.71505,0.71531,2.32,1.00
2015.01.29 08:07:28.910,0.71502,0.7153,2.32,1.00
2015.01.29 08:07:34.229,0.71502,0.71531,2.32,1.00
2015.01.29 08:07:35.020,0.71506,0.71531,2.32,1.00
2015.01.29 08:07:37.928,0.71506,0.71533,2.32,1.00
2015.01.29 08:07:40.493,0.71504,0.71533,4.50,1.10
2015.01.29 08:07:48.757,0.71501,0.71534,2.32,3.07
2015.01.29 08:07:48.962,0.71502,0.71534,4.50,1.20
2015.01.29 08:07:49.235,0.71506,0.71534,2.32,1.10
2015.01.29 08:07:54.358,0.71499,0.71533,2.32,3.07
2015.01.29 08:07:54.569,0.71497,0.71528,2.32,1.15
2015.01.29 08:07:54.670,0.71489,0.71523,2.32,3.07
2015.01.29 08:07:54.821,0.71494,0.71524,2.25,2.32
2015.01.29 08:07:54.872,0.71494,0.71527,2.32,3.07
2015.01.29 08:07:54.922,0.71496,0.71527,2.32,1.15
2015.01.29 08:07:55.497,0.71496,0.71528,2.32,1.15
2015.01.29 08:07:56.228,0.71495,0.71523,2.25,3.00
2015.01.29 08:07:56.279,0.7149,0.71523,1.15,3.07
2015.01.29 08:07:56.329,0.71489,0.71519,1.17,1.07
2015.01.29 08:07:56.380,0.71489,0.71519,1.20,1.15
2015.01.29 08:07:56.881,0.7149,0.71519,1.00,1.15
2015.01.29 08:07:58.048,0.71485,0.71519,4.50,1.15
2015.01.29 08:07:58.646,0.71485,0.71518,3.07,2.32
2015.01.29 08:07:58.697,0.71485,0.71518,1.15,4.50
2015.01.29 08:07:58.929,0.71485,0.71518,2.32,2.32
2015.01.29 08:07:58.980,0.71487,0.71521,1.15,2.32
2015.01.29 08:07:59.030,0.71493,0.71522,2.25,2.32
2015.01.29 08:07:59.081,0.71493,0.71524,2.32,1.15
2015.01.29 08:07:59.131,0.71497,0.71524,2.25,1.07
2015.01.29 08:07:59.182,0.71497,0.71529,2.32,1.15
2015.01.29 08:07:59.283,0.71505,0.71529,1.00,1.15
2015.01.29 08:07:59.384,0.71505,0.71535,1.15,1.15
2015.01.29 08:07:59.485,0.7151,0.71537,1.00,2.32
2015.01.29 08:07:59.586,0.71515,0.71543,1.00,2.32
2015.01.29 08:07:59.687,0.71515,0.71545,1.10,2.32
2015.01.29 08:08:00.041,0.71515,0.71546,1.07,2.32
2015.01.29 08:08:00.092,0.71515,0.71548,1.15,2.32
2015.01.29 08:08:00.143,0.71517,0.7155,2.25,4.50
2015.01.29 08:08:00.679,0.71522,0.71554,1.15,2.32
2015.01.29 08:08:01.472,0.71524,0.71555,1.07,2.32
2015.01.29 08:08:01.523,0.71524,0.71557,1.15,2.32
2015.01.29 08:08:01.855,0.71522,0.71551,2.32,2.25
2015.01.29 08:08:01.905,0.71518,0.71551,2.32,2.32
2015.01.29 08:08:01.956,0.71517,0.71546,2.32,1.07
2015.01.29 08:08:02.006,0.71515,0.71546,2.32,1.17
2015.01.29 08:08:02.057,0.71514,0.71544,2.32,1.07
2015.01.29 08:08:02.107,0.71512,0.71544,2.32,1.15
2015.01.29 08:08:04.641,0.71516,0.71543,2.25,1.10
2015.01.29 08:08:04.691,0.71516,0.71549,2.32,2.32
2015.01.29 08:08:06.054,0.7152,0.71545,1.00,2.25
2015.01.29 08:08:06.105,0.71512,0.71545,2.32,3.07
2015.01.29 08:08:06.155,0.71511,0.71542,2.32,2.32
2015.01.29 08:08:06.206,0.71508,0.71542,2.32,2.32
2015.01.29 08:08:07.289,0.71507,0.71539,1.15,2.32
2015.01.29 08:08:10.453,0.71505,0.71536,1.15,2.32
2015.01.29 08:08:10.504,0.71504,0.71536,1.15,2.32
2015.01.29 08:08:11.598,0.715,0.71533,1.65,2.32
2015.01.29 08:08:26.217,0.71499,0.71528,2.32,1.00
2015.01.29 08:08:26.368,0.71495,0.71527,4.50,1.15
2015.01.29 08:08:26.419,0.71495,0.71522,2.25,2.25
2015.01.29 08:08:26.469,0.7149,0.71522,1.15,3.07
2015.01.29 08:08:26.520,0.7149,0.7152,1.17,2.32
2015.01.29 08:08:26.859,0.71486,0.71514,2.32,1.00
2015.01.29 08:08:26.960,0.71483,0.71514,2.32,1.10
2015.01.29 08:08:31.396,0.71482,0.71513,2.32,2.25
2015.01.29 08:08:31.447,0.7148,0.71513,3.07,2.32
2015.01.29 08:08:31.497,0.7148,0.7151,1.17,2.25
2015.01.29 08:08:31.548,0.71476,0.7151,3.07,2.32
2015.01.29 08:08:32.058,0.71476,0.71505,2.32,1.00
2015.01.29 08:08:32.109,0.71474,0.71503,2.25,2.25
2015.01.29 08:08:32.159,0.71469,0.715,2.32,1.17
2015.01.29 08:08:32.260,0.71465,0.715,1.65,1.10
2015.01.29 08:08:32.411,0.71464,0.71498,2.32,1.00
2015.01.29 08:08:34.057,0.71464,0.71498,2.32,1.60
2015.01.29 08:08:34.360,0.7144,0.7147,1.00,1.15
2015.01.29 08:08:34.461,0.71445,0.71471,1.00,2.32
2015.01.29 08:08:34.511,0.71445,0.71473,1.00,2.25
2015.01.29 08:08:34.562,0.7145,0.71479,1.00,2.32
2015.01.29 08:08:34.764,0.71449,0.71484,1.00,3.07
2015.01.29 08:08:35.308,0.71446,0.71484,1.17,2.32
2015.01.29 08:08:36.127,0.71446,0.71478,1.10,2.25
2015.01.29 08:08:36.429,0.71443,0.71473,1.00,2.32
2015.01.29 08:08:36.580,0.7144,0.71477,1.15,1.15
2015.01.29 08:08:36.631,0.7144,0.71472,1.07,2.25
2015.01.29 08:08:36.782,0.71439,0.71472,1.50,2.32
2015.01.29 08:08:37.339,0.71436,0.71472,1.10,2.32
2015.01.29 08:08:39.894,0.71431,0.71469,1.10,2.32
2015.01.29 08:08:40.370,0.7144,0.71469,1.00,2.32
2015.01.29 08:08:40.480,0.71435,0.71469,1.00,2.32
2015.01.29 08:08:40.782,0.71435,0.71472,1.17,2.32
2015.01.29 08:08:40.883,0.71435,0.71467,1.00,2.32
2015.01.29 08:08:40.934,0.71429,0.71467,1.15,3.07
2015.01.29 08:08:41.472,0.71427,0.71463,1.15,2.25
2015.01.29 08:08:41.522,0.71426,0.71463,1.15,2.32
2015.01.29 08:08:42.117,0.71425,0.71457,1.00,2.32
2015.01.29 08:08:42.237,0.7142,0.71457,1.17,2.32
2015.01.29 08:08:42.493,0.71425,0.71457,1.00,2.32
2015.01.29 08:08:43.218,0.71425,0.71453,1.00,2.32
2015.01.29 08:08:43.268,0.7142,0.71452,1.00,1.15
2015.01.29 08:08:44.223,0.71415,0.71448,1.00,2.32
2015.01.29 08:08:44.526,0.71419,0.71444,1.00,2.32
2015.01.29 08:08:44.576,0.71415,0.71444,1.00,2.32
2015.01.29 08:08:44.767,0.71419,0.71444,1.00,2.32
2015.01.29 08:08:45.207,0.71414,0.71444,1.00,2.32
2015.01.29 08:08:45.891,0.71415,0.71444,1.00,2.32
2015.01.29 08:08:45.992,0.7142,0.71444,1.00,2.32
2015.01.29 08:08:46.402,0.7142,0.71438,1.00,2.32
2015.01.29 08:08:46.452,0.71415,0.71438,1.00,2.32
2015.01.29 08:08:46.631,0.7142,0.71438,1.00,2.32
2015.01.29 08:08:46.732,0.71419,0.71443,1.00,2.32
2015.01.29 08:08:46.833,0.7142,0.71447,1.00,2.32
2015.01.29 08:08:46.884,0.71415,0.71447,1.00,2.32
2015.01.29 08:08:47.035,0.71415,0.71453,1.20,4.50
2015.01.29 08:08:47.187,0.71415,0.71448,1.57,2.25
2015.01.29 08:08:47.338,0.7141,0.71448,1.15,2.32
2015.01.29 08:08:47.958,0.71415,0.71448,1.00,3.07
2015.01.29 08:08:48.109,0.71419,0.71455,3.07,1.10
2015.01.29 08:08:48.512,0.71425,0.71463,2.32,1.17
2015.01.29 08:08:48.814,0.7143,0.71469,2.32,2.32
2015.01.29 08:08:49.016,0.71422,0.71462,3.07,2.32
2015.01.29 08:08:49.431,0.71427,0.71467,2.32,2.32
2015.01.29 08:08:49.834,0.71423,0.71463,3.07,2.32
2015.01.29 08:08:53.842,0.7143,0.71463,1.00,2.32
2015.01.29 08:08:53.943,0.71432,0.71467,1.10,2.32
2015.01.29 08:08:54.044,0.71434,0.71472,1.17,2.32
2015.01.29 08:08:55.719,0.71436,0.71475,2.32,1.15
2015.01.29 08:08:57.615,0.7144,0.71477,3.00,2.32
2015.01.29 08:08:57.666,0.71442,0.7148,1.15,2.32
2015.01.29 08:08:58.922,0.71439,0.71475,2.32,2.25
2015.01.29 08:08:58.972,0.71436,0.71475,2.32,2.32
2015.01.29 08:08:59.023,0.71438,0.71471,2.32,2.25
2015.01.29 08:08:59.237,0.7144,0.71474,2.32,2.32
2015.01.29 08:08:59.337,0.71443,0.71476,2.32,2.32
2015.01.29 08:08:59.769,0.71439,0.71476,2.32,1.17
2015.01.29 08:09:00.396,0.71439,0.71473,2.32,1.00
2015.01.29 08:09:00.547,0.71435,0.71474,2.32,2.32
2015.01.29 08:09:03.251,0.71438,0.71471,2.32,1.00
2015.01.29 08:09:03.402,0.71438,0.71474,2.32,1.10
2015.01.29 08:09:06.448,0.71443,0.71479,2.25,2.32
2015.01.29 08:09:06.499,0.71445,0.7148,1.15,1.15
2015.01.29 08:09:06.599,0.7145,0.71477,1.00,1.00
2015.01.29 08:09:06.802,0.71445,0.71479,1.00,1.15
2015.01.29 08:09:07.348,0.7145,0.71479,1.00,1.15
2015.01.29 08:09:07.457,0.71444,0.71479,1.10,1.15
2015.01.29 08:09:07.996,0.71445,0.71479,1.00,1.15
2015.01.29 08:09:09.011,0.7144,0.71474,2.32,1.00
2015.01.29 08:09:09.163,0.71435,0.71471,3.07,1.17
2015.01.29 08:09:09.678,0.71431,0.7147,3.07,1.15
2015.01.29 08:09:11.386,0.71435,0.71471,1.17,2.25
2015.01.29 08:09:11.487,0.71437,0.71475,1.15,2.32
2015.01.29 08:09:14.588,0.71435,0.71472,3.00,2.32
2015.01.29 08:09:14.890,0.71435,0.71468,1.00,5.25
2015.01.29 08:09:15.706,0.71439,0.71468,1.00,5.25
2015.01.29 08:09:15.837,0.71435,0.71466,1.00,1.15
2015.01.29 08:09:15.988,0.71435,0.71464,1.00,2.32
2015.01.29 08:09:16.528,0.71435,0.71463,1.00,2.32
2015.01.29 08:09:17.146,0.7143,0.71463,1.00,2.32
2015.01.29 08:09:17.197,0.7143,0.71461,1.00,2.32
2015.01.29 08:09:17.499,0.7143,0.71456,1.00,2.32
2015.01.29 08:09:17.802,0.71425,0.71456,1.17,2.32
2015.01.29 08:09:17.903,0.71425,0.71452,1.07,2.32
2015.01.29 08:09:18.466,0.71425,0.71451,1.00,2.32
2015.01.29 08:09:18.567,0.71419,0.71449,1.10,2.32
2015.01.29 08:09:19.097,0.71423,0.71449,2.25,2.25
2015.01.29 08:09:19.198,0.71428,0.71453,2.32,1.10
2015.01.29 08:09:19.299,0.71429,0.71457,2.32,1.00
2015.01.29 08:09:19.827,0.71429,0.7146,2.32,1.15
2015.01.29 08:09:21.986,0.71435,0.71461,1.00,1.15
2015.01.29 08:09:22.857,0.71434,0.71462,1.00,3.07
2015.01.29 08:09:23.465,0.71435,0.71462,1.00,3.07
2015.01.29 08:09:23.799,0.71439,0.71462,1.00,3.07
2015.01.29 08:09:23.849,0.71435,0.71462,1.00,3.07
2015.01.29 08:09:24.396,0.71429,0.71462,2.32,3.07
2015.01.29 08:09:24.767,0.71426,0.7146,2.32,2.32
2015.01.29 08:09:25.540,0.71421,0.71455,2.32,2.32
2015.01.29 08:09:25.641,0.71415,0.71453,1.15,1.15
2015.01.29 08:09:28.256,0.71415,0.71449,1.15,1.00
2015.01.29 08:09:28.559,0.7141,0.71446,1.15,1.15
2015.01.29 08:09:29.271,0.7141,0.71443,1.00,2.32
2015.01.29 08:09:29.372,0.71405,0.71443,1.65,2.32
2015.01.29 08:09:30.686,0.71403,0.71438,2.32,1.00
2015.01.29 08:09:31.085,0.71403,0.71436,2.32,1.00
2015.01.29 08:09:31.186,0.71398,0.71436,2.32,1.15
2015.01.29 08:09:31.516,0.71398,0.71434,2.32,1.17
2015.01.29 08:09:31.567,0.71399,0.71432,1.10,1.15
2015.01.29 08:09:31.819,0.714,0.71432,1.00,3.07
2015.01.29 08:09:31.920,0.71392,0.71432,1.27,5.25
2015.01.29 08:09:32.625,0.7139,0.71428,2.32,2.32
2015.01.29 08:09:32.676,0.71387,0.71427,3.07,3.07
2015.01.29 08:09:34.747,0.71387,0.7142,2.32,1.00
2015.01.29 08:09:34.826,0.71387,0.71422,2.32,1.00
2015.01.29 08:09:34.927,0.71389,0.71422,3.07,1.00
2015.01.29 08:09:34.978,0.71394,0.71428,1.10,1.10
2015.01.29 08:09:36.163,0.71396,0.71432,1.00,2.32
2015.01.29 08:09:36.530,0.71396,0.71432,1.07,2.32
2015.01.29 08:09:36.581,0.71396,0.71435,1.15,2.32
2015.01.29 08:09:36.782,0.71398,0.71439,3.07,1.15
2015.01.29 08:09:36.883,0.71399,0.71433,2.32,2.32
2015.01.29 08:09:37.680,0.71396,0.7143,2.32,2.32
2015.01.29 08:09:37.983,0.71399,0.71433,2.32,2.32
2015.01.29 08:09:39.387,0.71395,0.7143,5.25,4.50
2015.01.29 08:09:39.488,0.71395,0.71427,1.17,2.32
2015.01.29 08:09:42.809,0.714,0.71424,1.00,4.50
2015.01.29 08:09:42.910,0.71395,0.71424,1.00,4.50
2015.01.29 08:09:43.011,0.7139,0.71424,1.15,4.50
2015.01.29 08:09:43.179,0.71387,0.71419,1.15,2.32
2015.01.29 08:09:43.280,0.71385,0.71417,1.15,2.32
2015.01.29 08:09:43.330,0.71389,0.71417,1.00,2.32
2015.01.29 08:09:43.431,0.71385,0.71417,1.15,2.32
2015.01.29 08:09:43.683,0.71374,0.71409,1.15,4.50
2015.01.29 08:09:43.784,0.7137,0.71394,1.00,2.32
2015.01.29 08:09:43.885,0.7136,0.7139,1.00,2.32
2015.01.29 08:09:43.986,0.71359,0.71394,2.32,1.00
2015.01.29 08:09:44.087,0.71354,0.71385,1.00,2.32
2015.01.29 08:09:44.138,0.71347,0.71385,1.15,2.32
2015.01.29 08:09:44.188,0.71345,0.71381,1.00,2.32
2015.01.29 08:09:44.239,0.71342,0.71381,1.17,2.32
2015.01.29 08:09:44.390,0.71337,0.71376,1.15,2.32
2015.01.29 08:09:44.692,0.71331,0.71371,2.32,2.32
2015.01.29 08:09:45.002,0.71331,0.71372,2.32,1.00
2015.01.29 08:09:45.209,0.71339,0.71377,1.00,2.32
2015.01.29 08:09:45.411,0.71335,0.71376,1.10,1.15
2015.01.29 08:09:45.525,0.71339,0.71376,1.00,1.15
2015.01.29 08:09:45.854,0.7135,0.71375,1.00,1.15
2015.01.29 08:09:46.218,0.71344,0.71377,1.00,2.32
2015.01.29 08:09:46.420,0.71322,0.71345,4.50,1.00
2015.01.29 08:09:46.521,0.71314,0.71338,1.00,2.32
2015.01.29 08:09:46.622,0.71299,0.71335,1.00,1.17
2015.01.29 08:09:46.774,0.71305,0.71334,1.00,1.10
2015.01.29 08:09:47.078,0.713,0.7133,1.00,2.32
2015.01.29 08:09:47.129,0.713,0.71332,1.00,1.00
2015.01.29 08:09:47.180,0.713,0.71336,1.00,1.00
2015.01.29 08:09:47.373,0.71299,0.71334,1.15,1.00
2015.01.29 08:09:47.524,0.71313,0.71352,2.32,1.00
2015.01.29 08:09:47.625,0.71325,0.71357,1.00,1.00
2015.01.29 08:09:47.726,0.71324,0.71361,1.10,1.00
2015.01.29 08:09:47.827,0.71324,0.71364,1.10,1.10
2015.01.29 08:09:47.878,0.71334,0.71364,1.00,1.10
2015.01.29 08:09:48.079,0.71321,0.71356,1.00,2.32
2015.01.29 08:09:48.130,0.71321,0.71363,1.17,1.10
2015.01.29 08:09:48.281,0.71325,0.71366,1.00,1.15
2015.01.29 08:09:48.382,0.71322,0.71365,1.07,1.17
2015.01.29 08:09:49.146,0.71324,0.71365,1.00,1.17
2015.01.29 08:09:49.658,0.71325,0.71364,1.00,1.07
2015.01.29 08:09:49.809,0.71325,0.71358,1.00,1.00
2015.01.29 08:09:49.910,0.71325,0.71365,1.00,1.17
2015.01.29 08:09:50.011,0.7133,0.71364,1.00,1.07
2015.01.29 08:09:50.314,0.7133,0.71356,1.00,2.32
2015.01.29 08:09:50.365,0.71325,0.71356,1.00,2.32
2015.01.29 08:09:50.567,0.71329,0.71354,1.00,1.15
2015.01.29 08:09:50.722,0.7133,0.71361,1.00,3.07
2015.01.29 08:09:50.823,0.7133,0.71358,1.00,5.25
2015.01.29 08:09:51.031,0.71325,0.71351,1.00,1.00
2015.01.29 08:09:51.132,0.7133,0.71353,1.00,2.32
2015.01.29 08:09:51.233,0.71329,0.71358,1.00,2.32
2015.01.29 08:09:51.526,0.71329,0.71361,1.00,1.17
2015.01.29 08:09:51.626,0.71328,0.71363,2.32,1.00
2015.01.29 08:09:51.929,0.71315,0.71334,1.00,1.00
2015.01.29 08:09:52.231,0.71305,0.71324,1.00,2.32
2015.01.29 08:09:52.578,0.71285,0.71324,2.32,2.32
2015.01.29 08:09:52.679,0.71305,0.71324,1.00,2.32
2015.01.29 08:09:52.785,0.713,0.71324,1.00,2.32
2015.01.29 08:09:53.137,0.71294,0.71324,1.00,2.32
2015.01.29 08:09:53.247,0.7129,0.7133,3.07,3.07
2015.01.29 08:09:53.407,0.71294,0.7133,3.07,2.25
2015.01.29 08:09:53.609,0.71305,0.71334,1.00,1.00
2015.01.29 08:09:53.760,0.71299,0.71338,3.07,1.15
2015.01.29 08:09:53.861,0.7131,0.71339,1.00,3.07
2015.01.29 08:09:54.176,0.71315,0.71339,1.00,2.32
2015.01.29 08:09:54.227,0.71309,0.71339,1.00,2.32
2015.01.29 08:09:54.328,0.71304,0.71339,1.00,2.32
2015.01.29 08:09:54.887,0.71305,0.71339,1.00,2.32
2015.01.29 08:09:54.938,0.71305,0.71341,1.15,1.07
2015.01.29 08:09:55.093,0.7132,0.71344,1.00,2.32
2015.01.29 08:09:55.144,0.7132,0.71346,1.00,1.00
2015.01.29 08:09:55.245,0.71319,0.71353,1.00,1.15
2015.01.29 08:09:55.346,0.7131,0.71351,4.50,5.25
2015.01.29 08:09:55.548,0.71306,0.71346,3.07,2.32
2015.01.29 08:09:55.850,0.71302,0.7134,2.32,1.15
2015.01.29 08:09:56.496,0.71302,0.71336,2.32,1.00
2015.01.29 08:09:56.546,0.713,0.71336,1.15,1.15
2015.01.29 08:09:56.647,0.713,0.71331,1.15,1.00
2015.01.29 08:09:57.077,0.71305,0.71331,1.00,1.00
2015.01.29 08:09:57.178,0.713,0.71331,1.15,1.00
2015.01.29 08:09:57.279,0.713,0.71335,1.15,1.65
2015.01.29 08:09:57.426,0.71301,0.71335,2.32,1.07
2015.01.29 08:09:57.628,0.71304,0.7134,1.15,1.15
2015.01.29 08:09:57.729,0.71302,0.71335,2.32,1.00
2015.01.29 08:09:57.816,0.71305,0.7134,1.17,1.65
2015.01.29 08:09:58.643,0.71307,0.71341,2.25,1.65
2015.01.29 08:09:58.956,0.71311,0.71342,4.50,1.20
2015.01.29 08:09:59.007,0.71314,0.71349,4.50,1.75
2015.01.29 08:09:59.526,0.71318,0.7135,2.32,3.07
2015.01.29 08:09:59.577,0.71319,0.71351,2.32,1.15
2015.01.29 08:09:59.628,0.71319,0.71351,2.32,3.07
2015.01.29 08:09:59.679,0.71316,0.7135,2.32,2.32
2015.01.29 08:09:59.932,0.71316,0.71348,2.32,2.32
2015.01.29 08:09:59.982,0.71314,0.71347,2.32,2.32
2015.01.29 08:10:00.083,0.71316,0.7135,2.32,2.32
2015.01.29 08:10:00.135,0.71316,0.71347,2.25,2.32
2015.01.29 08:10:00.185,0.71314,0.71345,1.07,2.32
2015.01.29 08:10:00.447,0.71311,0.71336,2.25,2.25
2015.01.29 08:10:00.497,0.71302,0.71335,2.32,2.32
2015.01.29 08:10:00.649,0.71302,0.71331,2.25,2.32
2015.01.29 08:10:00.699,0.71296,0.7133,2.32,2.32
2015.01.29 08:10:01.001,0.71298,0.71336,1.15,2.32
2015.01.29 08:10:01.153,0.71299,0.71334,2.32,1.07
2015.01.29 08:10:01.203,0.713,0.71334,2.32,1.00
2015.01.29 08:10:01.357,0.713,0.71325,2.25,1.00
2015.01.29 08:10:01.407,0.71293,0.71325,2.32,1.00
2015.01.29 08:10:01.609,0.71293,0.71327,2.32,1.00
2015.01.29 08:10:01.660,0.71295,0.71327,2.32,1.10
2015.01.29 08:10:01.970,0.71301,0.71333,2.32,1.10
2015.01.29 08:10:02.291,0.71301,0.7133,2.32,1.00
2015.01.29 08:10:02.605,0.71304,0.71329,1.00,1.15
2015.01.29 08:10:02.706,0.713,0.71333,1.15,3.07
2015.01.29 08:10:02.881,0.71301,0.71333,2.32,1.15
2015.01.29 08:10:02.932,0.71301,0.71333,2.32,1.17
2015.01.29 08:10:03.289,0.71304,0.71332,2.32,1.00
2015.01.29 08:10:03.862,0.71304,0.71333,2.32,1.00
2015.01.29 08:10:04.190,0.71303,0.71333,2.32,3.00
2015.01.29 08:10:04.240,0.713,0.71331,2.32,1.15
2015.01.29 08:10:04.291,0.71299,0.7133,2.32,2.32
2015.01.29 08:10:04.342,0.71297,0.71329,2.32,1.15
2015.01.29 08:10:04.493,0.71296,0.71327,2.32,2.32
2015.01.29 08:10:04.544,0.71295,0.71327,1.15,2.32
2015.01.29 08:10:04.745,0.71295,0.71324,1.07,1.15
2015.01.29 08:10:04.846,0.71295,0.71324,1.10,3.07
2015.01.29 08:10:05.549,0.71293,0.7132,2.32,1.00
2015.01.29 08:10:06.131,0.7129,0.7132,3.07,1.57
2015.01.29 08:10:06.233,0.7129,0.7132,1.15,1.65
2015.01.29 08:10:06.609,0.7129,0.71319,1.07,2.32
2015.01.29 08:10:06.912,0.71295,0.71322,1.00,2.32
2015.01.29 08:10:07.264,0.71295,0.71326,1.17,2.32
2015.01.29 08:10:07.315,0.71295,0.71327,3.07,2.32
2015.01.29 08:10:07.366,0.71295,0.71329,3.07,1.15
2015.01.29 08:10:07.517,0.713,0.71327,1.00,1.15
2015.01.29 08:10:07.870,0.71305,0.71327,1.00,2.32
2015.01.29 08:10:07.920,0.71305,0.71329,1.00,2.32
2015.01.29 08:10:08.072,0.71301,0.71329,1.00,2.32
2015.01.29 08:10:08.158,0.71305,0.71329,1.00,2.32
2015.01.29 08:10:08.427,0.71305,0.71333,1.00,4.50
2015.01.29 08:10:08.528,0.71299,0.71328,1.57,2.32
2015.01.29 08:10:08.961,0.71291,0.71327,4.50,4.50
2015.01.29 08:10:09.159,0.71297,0.71327,2.25,2.25
2015.01.29 08:10:09.259,0.713,0.71331,2.32,2.32
2015.01.29 08:10:09.461,0.71296,0.7133,2.32,2.32
2015.01.29 08:10:09.663,0.713,0.7133,1.17,2.32
2015.01.29 08:10:09.713,0.713,0.71333,1.15,4.50
2015.01.29 08:10:09.764,0.71301,0.71333,2.32,2.32
2015.01.29 08:10:09.814,0.71302,0.71336,2.32,2.32
2015.01.29 08:10:09.967,0.71305,0.71336,2.32,2.32
2015.01.29 08:10:10.018,0.71306,0.71339,2.32,2.32
2015.01.29 08:10:10.068,0.71306,0.71336,2.25,2.32
2015.01.29 08:10:10.119,0.71302,0.71335,2.32,2.32
2015.01.29 08:10:10.169,0.71306,0.71335,2.32,2.25
2015.01.29 08:10:10.220,0.71307,0.7134,2.32,2.32
2015.01.29 08:10:10.321,0.71309,0.71343,2.32,2.32
2015.01.29 08:10:10.372,0.71309,0.71336,2.25,2.25
2015.01.29 08:10:10.422,0.71305,0.71335,1.10,2.32
2015.01.29 08:10:10.523,0.713,0.71333,2.32,2.32
2015.01.29 08:10:10.574,0.71299,0.71333,1.15,4.50
2015.01.29 08:10:10.624,0.71305,0.71333,1.00,4.50
2015.01.29 08:10:10.725,0.71299,0.71333,1.15,4.50
2015.01.29 08:10:10.927,0.71304,0.71333,1.00,4.50
2015.01.29 08:10:11.028,0.71297,0.71333,4.87,4.50
2015.01.29 08:10:11.239,0.71295,0.71329,2.32,2.32
2015.01.29 08:10:13.037,0.71298,0.71332,2.32,2.32
2015.01.29 08:10:13.346,0.71304,0.71335,2.32,3.07
2015.01.29 08:10:13.447,0.71305,0.71338,2.32,2.32
2015.01.29 08:10:13.749,0.71307,0.71341,2.32,2.32
2015.01.29 08:10:14.260,0.71303,0.71337,2.32,2.32
2015.01.29 08:10:14.563,0.71305,0.71337,2.32,2.32
2015.01.29 08:10:14.769,0.71303,0.71337,2.32,2.32
2015.01.29 08:10:15.357,0.71303,0.71335,2.32,2.32
2015.01.29 08:10:15.660,0.71297,0.71331,2.32,2.32
2015.01.29 08:10:15.761,0.71294,0.7133,3.07,2.32
2015.01.29 08:10:15.880,0.713,0.7133,1.00,2.32
2015.01.29 08:10:15.981,0.71295,0.7133,1.15,2.32
2015.01.29 08:10:16.179,0.71299,0.7133,2.25,2.25
2015.01.29 08:10:16.481,0.7132,0.7135,1.15,2.25
2015.01.29 08:10:16.582,0.7132,0.71353,1.15,2.32
2015.01.29 08:10:16.888,0.71325,0.71353,1.00,2.32
2015.01.29 08:10:17.008,0.7132,0.71353,1.15,2.32
2015.01.29 08:10:17.349,0.71321,0.71353,2.32,2.32
2015.01.29 08:10:17.450,0.71322,0.71356,2.32,2.32
2015.01.29 08:10:17.651,0.7132,0.71353,1.15,2.32
2015.01.29 08:10:17.988,0.71322,0.71356,2.32,2.32
2015.01.29 08:10:18.560,0.71326,0.71359,2.32,3.07
2015.01.29 08:10:18.867,0.71325,0.71361,1.10,3.07
2015.01.29 08:10:19.691,0.71325,0.71361,2.32,1.17
2015.01.29 08:10:20.458,0.71327,0.71361,4.50,1.00
2015.01.29 08:10:20.988,0.71327,0.7136,4.50,1.00
2015.01.29 08:10:21.797,0.71327,0.71361,4.50,1.50
2015.01.29 08:10:22.108,0.71319,0.71346,1.20,1.00
2015.01.29 08:10:22.360,0.71315,0.71351,1.10,2.32
2015.01.29 08:10:22.460,0.71319,0.71353,2.25,2.25
2015.01.29 08:10:22.511,0.71319,0.71355,2.32,1.10
2015.01.29 08:10:22.864,0.71317,0.71355,2.32,1.07
2015.01.29 08:10:22.914,0.71315,0.71355,1.15,1.15
2015.01.29 08:10:23.019,0.7132,0.71356,1.00,4.50
2015.01.29 08:10:23.367,0.71314,0.71356,5.25,5.25
2015.01.29 08:10:23.607,0.71312,0.71354,3.07,2.32
2015.01.29 08:10:25.546,0.71312,0.71349,2.32,1.00
2015.01.29 08:10:25.597,0.71308,0.71349,4.50,1.15
2015.01.29 08:10:25.698,0.71304,0.71344,2.32,2.32
2015.01.29 08:10:26.000,0.71301,0.7134,2.32,2.32
2015.01.29 08:10:26.202,0.71304,0.71344,2.32,1.15
2015.01.29 08:10:26.303,0.71301,0.71341,2.32,2.32
2015.01.29 08:10:26.791,0.71306,0.71345,2.32,2.32
2015.01.29 08:10:28.498,0.71305,0.71342,1.17,2.32
2015.01.29 08:10:29.288,0.71307,0.71341,2.25,2.32
2015.01.29 08:10:29.604,0.71306,0.71339,2.32,2.32
2015.01.29 08:10:29.806,0.71308,0.71342,2.32,2.32
2015.01.29 08:10:30.733,0.71312,0.71345,2.32,2.32
2015.01.29 08:10:31.047,0.71316,0.71349,2.32,2.32
2015.01.29 08:10:31.275,0.71319,0.71353,2.32,2.32
2015.01.29 08:10:31.326,0.71322,0.71356,2.32,3.07
2015.01.29 08:10:32.547,0.71326,0.71357,2.25,2.32
2015.01.29 08:10:32.598,0.71326,0.71361,4.50,4.50
2015.01.29 08:10:32.649,0.71331,0.71361,2.25,2.32
2015.01.29 08:10:32.699,0.71331,0.71365,2.32,3.82
2015.01.29 08:10:35.319,0.7133,0.71359,2.32,2.25
2015.01.29 08:10:35.420,0.71326,0.71359,2.32,2.32
2015.01.29 08:10:35.621,0.71336,0.71361,2.25,2.25
2015.01.29 08:10:35.722,0.71336,0.71366,2.32,2.25
2015.01.29 08:10:35.924,0.71336,0.71368,2.32,1.10
2015.01.29 08:10:36.025,0.71333,0.71366,4.50,1.15
2015.01.29 08:10:36.702,0.71333,0.71365,2.32,2.32
2015.01.29 08:10:36.753,0.7133,0.71364,2.32,2.32
2015.01.29 08:10:40.145,0.71326,0.71359,2.32,2.32
2015.01.29 08:10:40.622,0.71328,0.71362,2.32,2.32
2015.01.29 08:10:40.823,0.71331,0.71364,2.32,2.32
2015.01.29 08:10:41.247,0.71332,0.71366,4.50,1.15
2015.01.29 08:10:43.521,0.71335,0.71365,2.32,1.07
2015.01.29 08:10:43.727,0.71336,0.71366,2.32,1.10
2015.01.29 08:10:44.579,0.71336,0.7136,2.32,1.00
2015.01.29 08:10:44.733,0.7133,0.7136,2.32,1.50
2015.01.29 08:10:44.935,0.71334,0.7136,2.32,1.00
2015.01.29 08:10:45.036,0.71335,0.71365,1.15,1.10
2015.01.29 08:10:45.137,0.7135,0.71375,1.00,2.32
2015.01.29 08:10:45.338,0.71357,0.71386,2.32,1.10
2015.01.29 08:10:45.439,0.71354,0.71379,1.00,2.32
2015.01.29 08:10:45.490,0.7135,0.71379,1.10,2.32
2015.01.29 08:10:45.842,0.7135,0.71377,1.00,2.32
2015.01.29 08:10:45.994,0.7135,0.7138,1.10,2.32
2015.01.29 08:10:48.460,0.7135,0.71384,1.15,4.50
2015.01.29 08:10:48.561,0.71352,0.71387,2.32,2.32
2015.01.29 08:10:49.788,0.71355,0.7139,3.07,2.32
2015.01.29 08:10:50.763,0.71355,0.71388,1.15,2.32
2015.01.29 08:10:50.814,0.71355,0.71388,1.15,4.50
2015.01.29 08:10:52.426,0.7136,0.71388,1.00,4.50
2015.01.29 08:10:53.855,0.71359,0.71388,1.00,4.50
2015.01.29 08:10:54.136,0.71354,0.71388,1.15,4.50
2015.01.29 08:10:55.250,0.7136,0.71388,1.00,4.50
2015.01.29 08:10:55.504,0.71355,0.71388,1.15,4.50
2015.01.29 08:10:55.567,0.7136,0.71388,1.00,4.50
2015.01.29 08:10:55.677,0.71355,0.71388,1.15,4.50
2015.01.29 08:10:55.875,0.71355,0.71384,1.17,2.32
2015.01.29 08:10:56.337,0.7136,0.71384,1.00,2.32
2015.01.29 08:10:56.776,0.71355,0.71384,1.10,2.32
2015.01.29 08:10:58.338,0.7136,0.71384,1.00,2.32
2015.01.29 08:10:58.666,0.7136,0.71382,1.00,2.32
2015.01.29 08:10:58.716,0.71348,0.71382,2.32,2.32
2015.01.29 08:10:58.919,0.7135,0.71378,1.00,2.32
2015.01.29 08:10:59.221,0.71349,0.71371,1.00,2.32
2015.01.29 08:10:59.322,0.71345,0.71371,1.00,2.32
2015.01.29 08:11:00.516,0.71339,0.71371,1.15,2.32
2015.01.29 08:11:00.905,0.71339,0.71369,1.10,2.32
2015.01.29 08:11:01.117,0.71339,0.71366,1.00,2.32
2015.01.29 08:11:01.422,0.71345,0.71366,1.00,2.32
2015.01.29 08:11:01.617,0.7134,0.71366,1.00,2.32
2015.01.29 08:11:01.718,0.7134,0.71361,1.00,2.32
2015.01.29 08:11:02.047,0.7134,0.71358,1.00,2.32
2015.01.29 08:11:02.097,0.71335,0.71358,1.00,2.32
2015.01.29 08:11:02.166,0.7133,0.71358,1.00,2.32
2015.01.29 08:11:02.317,0.71335,0.71358,1.00,2.32
2015.01.29 08:11:02.386,0.7133,0.71358,1.00,2.32
2015.01.29 08:11:03.648,0.7133,0.71362,3.07,1.15
2015.01.29 08:11:03.849,0.71325,0.71364,1.15,4.50
2015.01.29 08:11:04.051,0.71325,0.71347,1.00,2.32
2015.01.29 08:11:04.252,0.71325,0.71352,1.00,1.15
2015.01.29 08:11:04.454,0.71324,0.71361,1.20,4.50
2015.01.29 08:11:04.504,0.71335,0.71361,1.00,4.50
2015.01.29 08:11:04.555,0.71335,0.71366,1.00,2.32
2015.01.29 08:11:04.656,0.71334,0.71372,1.15,4.50
2015.01.29 08:11:04.706,0.71339,0.71372,1.00,4.50
2015.01.29 08:11:04.841,0.71352,0.71392,2.32,2.32
2015.01.29 08:11:04.891,0.71352,0.71386,2.32,1.00
2015.01.29 08:11:04.942,0.71352,0.71392,2.32,3.07
2015.01.29 08:11:05.151,0.71353,0.71388,1.00,2.32
2015.01.29 08:11:05.353,0.71352,0.71392,2.32,2.32
2015.01.29 08:11:05.454,0.7135,0.71387,1.15,2.32
2015.01.29 08:11:05.656,0.71341,0.71381,2.32,2.32
2015.01.29 08:11:05.823,0.71337,0.71377,2.32,2.32
2015.01.29 08:11:06.339,0.71337,0.71376,2.32,2.32
2015.01.29 08:11:06.655,0.71341,0.71381,2.32,2.32
2015.01.29 08:11:07.020,0.71338,0.71377,1.15,2.32
2015.01.29 08:11:07.322,0.71327,0.71353,1.00,2.32
2015.01.29 08:11:07.372,0.71313,0.71351,2.32,1.15
2015.01.29 08:11:07.423,0.71317,0.71351,2.32,1.00
2015.01.29 08:11:07.473,0.71317,0.71357,2.32,2.32
2015.01.29 08:11:07.826,0.71312,0.7135,1.15,2.32
2015.01.29 08:11:08.128,0.71304,0.71339,1.17,1.07
2015.01.29 08:11:08.330,0.71299,0.71338,1.15,4.50
2015.01.29 08:11:08.439,0.71295,0.71333,1.15,2.32
2015.01.29 08:11:08.741,0.71305,0.7134,1.15,1.07
2015.01.29 08:11:09.044,0.71289,0.71327,1.15,2.32
2015.01.29 08:11:09.145,0.71295,0.71331,1.10,2.32
2015.01.29 08:11:09.447,0.71295,0.71335,2.32,2.32
2015.01.29 08:11:09.737,0.7129,0.71332,4.50,4.50
2015.01.29 08:11:10.153,0.71283,0.71323,3.07,2.32
2015.01.29 08:11:10.557,0.71289,0.71329,2.32,2.32
2015.01.29 08:11:11.074,0.71285,0.71325,2.32,2.32
2015.01.29 08:11:11.378,0.71279,0.71315,1.10,2.32
2015.01.29 08:11:11.718,0.71285,0.7132,1.00,2.32
2015.01.29 08:11:12.067,0.71285,0.71324,1.15,3.07
2015.01.29 08:11:12.277,0.71285,0.7132,1.00,2.32
2015.01.29 08:11:12.479,0.71275,0.71311,1.10,2.32
2015.01.29 08:11:12.580,0.71275,0.71309,3.07,1.00
2015.01.29 08:11:12.681,0.71295,0.71326,1.00,1.20
2015.01.29 08:11:12.882,0.7129,0.71327,1.15,1.15
2015.01.29 08:11:13.084,0.71295,0.71325,1.00,2.32
2015.01.29 08:11:13.396,0.7129,0.71325,1.00,2.32
2015.01.29 08:11:13.749,0.7129,0.71319,1.00,4.50
2015.01.29 08:11:13.850,0.71283,0.7132,2.32,1.07
2015.01.29 08:11:13.951,0.7128,0.71319,1.15,4.50
2015.01.29 08:11:14.052,0.71279,0.71315,1.10,2.32
2015.01.29 08:11:14.355,0.71284,0.71318,2.32,3.07
2015.01.29 08:11:14.456,0.7128,0.71316,5.25,4.50
2015.01.29 08:11:14.884,0.71278,0.71312,2.32,2.32
2015.01.29 08:11:14.985,0.7127,0.71306,5.25,4.50
2015.01.29 08:11:15.086,0.7127,0.71305,1.10,1.15
2015.01.29 08:11:15.388,0.71265,0.71299,1.00,4.50
2015.01.29 08:11:15.697,0.7127,0.71299,1.00,4.50
2015.01.29 08:11:15.798,0.7127,0.71303,1.00,2.32
2015.01.29 08:11:15.849,0.71265,0.71303,1.15,2.32
2015.01.29 08:11:16.344,0.71262,0.71299,2.32,2.25
2015.01.29 08:11:16.395,0.7126,0.71299,1.15,2.32
2015.01.29 08:11:16.796,0.7127,0.71302,1.00,2.32
2015.01.29 08:11:16.897,0.7127,0.71308,1.15,1.15
2015.01.29 08:11:17.280,0.71271,0.71313,4.50,4.50
2015.01.29 08:11:17.381,0.7127,0.71308,1.15,2.32
2015.01.29 08:11:17.683,0.71265,0.71296,1.17,2.32
2015.01.29 08:11:18.162,0.71266,0.71297,2.25,2.32
2015.01.29 08:11:18.212,0.71266,0.713,2.32,2.32
2015.01.29 08:11:19.159,0.71265,0.71297,2.32,2.32
2015.01.29 08:11:19.209,0.71263,0.71297,2.32,2.32
2015.01.29 08:11:19.260,0.71265,0.71298,2.32,2.32
2015.01.29 08:11:19.310,0.71265,0.71301,4.50,4.50
2015.01.29 08:11:19.361,0.71269,0.71301,2.32,2.32
2015.01.29 08:11:19.696,0.71263,0.71286,2.32,1.00
2015.01.29 08:11:19.797,0.71259,0.71286,1.00,1.15
2015.01.29 08:11:19.898,0.71265,0.71286,1.00,4.50
2015.01.29 08:11:20.016,0.7126,0.71285,1.00,1.15
2015.01.29 08:11:20.067,0.7126,0.71283,1.00,2.32
2015.01.29 08:11:20.218,0.7126,0.71286,1.00,3.07
2015.01.29 08:11:20.420,0.71259,0.71289,1.17,2.32
2015.01.29 08:11:21.086,0.71265,0.71289,1.00,2.32
2015.01.29 08:11:21.611,0.71264,0.71291,1.00,1.15
2015.01.29 08:11:21.712,0.71264,0.71296,1.15,2.32
2015.01.29 08:11:21.813,0.71264,0.71294,1.00,4.50
2015.01.29 08:11:22.015,0.71266,0.713,4.50,1.15
2015.01.29 08:11:22.116,0.71275,0.71302,1.00,4.50
2015.01.29 08:11:22.217,0.71274,0.71305,1.17,2.32
2015.01.29 08:11:22.419,0.71275,0.71308,1.15,2.32
2015.01.29 08:11:22.736,0.71278,0.71312,2.32,2.32
2015.01.29 08:11:23.066,0.7128,0.71308,1.00,2.32
2015.01.29 08:11:23.324,0.71275,0.71308,1.15,2.32
2015.01.29 08:11:23.475,0.71277,0.71308,2.32,2.25
2015.01.29 08:11:23.526,0.71279,0.71313,2.32,2.32
2015.01.29 08:11:23.577,0.71283,0.71313,2.32,2.25
2015.01.29 08:11:23.627,0.71284,0.71318,3.07,2.32
2015.01.29 08:11:24.827,0.71285,0.71319,1.15,2.32
2015.01.29 08:11:24.928,0.71285,0.71322,1.15,2.32
2015.01.29 08:11:24.978,0.71295,0.71322,1.00,2.32
2015.01.29 08:11:25.514,0.71295,0.71326,1.00,2.32
2015.01.29 08:11:25.729,0.71295,0.71323,1.00,2.32
2015.01.29 08:11:25.831,0.71285,0.71323,1.10,2.32
2015.01.29 08:11:26.082,0.71285,0.71317,1.10,1.00
2015.01.29 08:11:26.385,0.71274,0.71305,1.15,1.00
2015.01.29 08:11:26.536,0.71274,0.71305,1.10,1.00
2015.01.29 08:11:26.638,0.7127,0.71302,2.32,1.00
2015.01.29 08:11:26.715,0.7127,0.71305,2.32,1.00
2015.01.29 08:11:26.916,0.71269,0.71305,3.07,1.07
2015.01.29 08:11:27.017,0.71269,0.71305,1.15,1.15
2015.01.29 08:11:27.414,0.71272,0.71305,2.25,1.07
2015.01.29 08:11:27.516,0.71272,0.71307,2.32,1.10
2015.01.29 08:11:27.616,0.71272,0.71305,2.32,1.00
2015.01.29 08:11:28.132,0.71272,0.71306,2.32,1.50
2015.01.29 08:11:28.616,0.71276,0.71305,2.25,1.00
2015.01.29 08:11:29.568,0.71276,0.71306,2.32,1.10
2015.01.29 08:11:30.037,0.7128,0.7131,1.07,1.65
2015.01.29 08:11:30.138,0.7128,0.7131,1.15,1.57
2015.01.29 08:11:30.502,0.71279,0.7131,2.32,3.82
2015.01.29 08:11:30.553,0.71276,0.71305,2.32,1.10
2015.01.29 08:11:31.870,0.71281,0.7131,2.25,2.25
2015.01.29 08:11:31.920,0.71281,0.71312,2.32,1.17
2015.01.29 08:11:32.247,0.71285,0.71319,2.32,2.32
2015.01.29 08:11:32.586,0.71289,0.71323,2.32,2.32
2015.01.29 08:11:32.889,0.71288,0.71319,2.32,2.32
2015.01.29 08:11:32.939,0.71285,0.71319,2.32,2.32
2015.01.29 08:11:33.730,0.71284,0.71316,2.32,2.32
2015.01.29 08:11:33.831,0.71282,0.71316,2.32,2.32
2015.01.29 08:11:34.033,0.71279,0.71307,2.25,2.25
2015.01.29 08:11:34.134,0.71271,0.71305,4.50,1.15
2015.01.29 08:11:34.235,0.71275,0.71305,2.32,1.17
2015.01.29 08:11:34.738,0.71277,0.7131,2.32,1.15
2015.01.29 08:11:35.867,0.71277,0.71305,2.32,1.00
2015.01.29 08:11:35.968,0.7127,0.71305,4.50,5.25
2015.01.29 08:11:36.225,0.71273,0.71305,2.32,2.32
2015.01.29 08:11:36.275,0.71274,0.71308,2.32,2.32
2015.01.29 08:11:36.828,0.71274,0.71305,2.32,1.15
2015.01.29 08:11:36.878,0.71272,0.71305,2.32,3.07
2015.01.29 08:11:37.080,0.71274,0.71308,2.32,2.32
2015.01.29 08:11:37.557,0.71277,0.71311,2.32,3.07
2015.01.29 08:11:38.625,0.7128,0.7131,2.32,1.07
2015.01.29 08:11:38.676,0.71281,0.7131,2.32,1.10
2015.01.29 08:11:38.877,0.71283,0.7131,2.32,1.00
2015.01.29 08:11:38.928,0.71283,0.71315,2.32,1.15
2015.01.29 08:11:41.032,0.71283,0.71314,2.25,2.32
2015.01.29 08:11:41.083,0.71278,0.71314,4.50,4.50
2015.01.29 08:11:41.234,0.71278,0.7131,2.32,2.32
2015.01.29 08:11:41.284,0.71275,0.71309,2.32,2.32
2015.01.29 08:11:41.817,0.7128,0.71309,1.00,2.32
2015.01.29 08:11:42.026,0.71285,0.71309,1.00,2.32
2015.01.29 08:11:42.136,0.71275,0.71309,2.32,2.32
2015.01.29 08:11:42.432,0.71275,0.71307,2.25,2.32
2015.01.29 08:11:42.483,0.71271,0.71305,2.32,2.32
2015.01.29 08:11:42.860,0.71277,0.71311,2.32,2.32
2015.01.29 08:11:43.208,0.7128,0.71313,2.32,1.15
2015.01.29 08:11:43.845,0.7128,0.7131,2.25,2.32
2015.01.29 08:11:43.896,0.71274,0.71309,2.32,3.07
2015.01.29 08:11:44.349,0.71274,0.71307,2.32,2.32
2015.01.29 08:11:44.400,0.71272,0.71307,4.50,4.50
2015.01.29 08:11:44.551,0.71272,0.71304,2.32,1.15
2015.01.29 08:11:44.601,0.7127,0.71304,2.32,3.07
2015.01.29 08:11:45.178,0.7127,0.71295,2.32,1.00
2015.01.29 08:11:45.285,0.7127,0.713,2.32,1.10
2015.01.29 08:11:45.679,0.71266,0.713,2.32,2.32
2015.01.29 08:11:46.437,0.71268,0.713,2.32,2.32
2015.01.29 08:11:46.487,0.71269,0.71303,2.32,2.32
2015.01.29 08:11:47.381,0.71274,0.71308,2.32,3.07
2015.01.29 08:11:47.683,0.71271,0.71305,2.32,2.32
2015.01.29 08:11:48.176,0.71274,0.71308,2.32,2.32
2015.01.29 08:11:48.478,0.71277,0.7131,2.32,2.32
2015.01.29 08:11:48.806,0.71281,0.71314,2.32,2.32
2015.01.29 08:11:49.268,0.71284,0.71314,2.32,2.25
2015.01.29 08:11:49.318,0.71285,0.71315,2.32,1.17
2015.01.29 08:11:49.369,0.71287,0.71316,2.32,1.00
2015.01.29 08:11:49.621,0.71297,0.7133,2.32,1.15
2015.01.29 08:11:49.671,0.71301,0.7133,2.32,1.10
2015.01.29 08:11:49.974,0.71299,0.71333,2.32,2.32
2015.01.29 08:11:50.175,0.71302,0.71336,2.32,2.32
2015.01.29 08:11:50.690,0.71306,0.7134,2.32,2.32
2015.01.29 08:11:50.992,0.7132,0.71353,2.32,2.32
2015.01.29 08:11:51.335,0.71324,0.71357,2.32,2.32
2015.01.29 08:11:51.486,0.71326,0.71362,2.32,2.32
2015.01.29 08:11:51.688,0.71332,0.71365,2.32,2.32
2015.01.29 08:11:51.789,0.71334,0.71368,2.32,3.07
2015.01.29 08:11:51.890,0.71329,0.71364,2.32,2.32
2015.01.29 08:11:52.438,0.71329,0.71346,2.32,1.00
2015.01.29 08:11:52.590,0.71323,0.71344,1.00,2.32
2015.01.29 08:11:52.641,0.71315,0.71344,1.00,2.32
2015.01.29 08:11:52.691,0.71315,0.71341,5.25,1.00
2015.01.29 08:11:52.843,0.7131,0.7134,1.17,2.32
2015.01.29 08:11:52.893,0.7131,0.71342,3.07,1.15
2015.01.29 08:11:52.994,0.71307,0.71341,2.32,2.32
2015.01.29 08:11:53.296,0.7131,0.71343,2.32,2.32
2015.01.29 08:11:53.959,0.71314,0.71343,2.32,2.25
2015.01.29 08:11:54.010,0.71315,0.71349,2.32,2.32
2015.01.29 08:11:54.061,0.71318,0.71349,2.32,2.32
2015.01.29 08:11:54.111,0.71319,0.71352,2.32,2.32
2015.01.29 08:11:55.073,0.71319,0.71349,2.25,2.32
2015.01.29 08:11:55.124,0.71315,0.71348,2.32,3.07
2015.01.29 08:11:55.174,0.71315,0.71344,2.25,2.32
2015.01.29 08:11:55.225,0.71309,0.71343,2.32,2.32
2015.01.29 08:11:55.594,0.71302,0.71341,2.32,2.32
2015.01.29 08:11:55.796,0.71299,0.71337,2.32,2.32
2015.01.29 08:11:56.502,0.71303,0.71341,2.32,2.32
2015.01.29 08:11:59.458,0.7131,0.71341,1.00,2.32
2015.01.29 08:11:59.509,0.7131,0.71346,1.00,4.50
2015.01.29 08:11:59.610,0.71314,0.71347,2.32,1.00
2015.01.29 08:11:59.711,0.71319,0.71358,2.32,2.32
2015.01.29 08:12:00.013,0.71323,0.71361,2.32,2.32
2015.01.29 08:12:00.687,0.71325,0.71361,2.32,2.25
2015.01.29 08:12:00.738,0.71326,0.71365,2.32,3.07
2015.01.29 08:12:02.689,0.71326,0.71362,2.25,2.32
2015.01.29 08:12:02.740,0.71322,0.7136,2.32,2.32
2015.01.29 08:12:03.092,0.71324,0.7136,2.32,2.25
2015.01.29 08:12:03.142,0.71326,0.71365,2.32,2.32
2015.01.29 08:12:04.715,0.71329,0.71365,2.32,2.25
2015.01.29 08:12:04.766,0.71331,0.71369,2.32,2.32
2015.01.29 08:12:04.817,0.71333,0.71374,4.50,5.62
2015.01.29 08:12:06.882,0.71333,0.71369,2.32,2.25
2015.01.29 08:12:06.933,0.7133,0.71368,2.32,2.32
2015.01.29 08:12:07.095,0.7133,0.71365,2.25,2.32
2015.01.29 08:12:07.145,0.71325,0.71364,2.32,2.32
2015.01.29 08:12:07.196,0.71325,0.71354,2.25,2.25
2015.01.29 08:12:07.247,0.71314,0.71353,2.32,2.32
2015.01.29 08:12:07.398,0.71317,0.71353,2.32,2.25
2015.01.29 08:12:07.448,0.71318,0.71357,2.32,2.32
2015.01.29 08:12:07.599,0.71318,0.71351,2.25,1.07
2015.01.29 08:12:07.650,0.71314,0.71351,2.32,1.15
2015.01.29 08:12:08.196,0.71318,0.71353,2.32,2.25
2015.01.29 08:12:08.246,0.71319,0.71357,2.32,2.32
2015.01.29 08:12:08.297,0.71322,0.71357,2.32,2.25
2015.01.29 08:12:08.347,0.71324,0.71363,2.32,3.07
2015.01.29 08:12:10.039,0.71324,0.71359,2.25,2.70
2015.01.29 08:12:10.090,0.7132,0.71358,2.32,2.32
2015.01.29 08:12:10.909,0.7132,0.71355,2.25,2.32
2015.01.29 08:12:10.959,0.71316,0.71354,2.32,2.32
2015.01.29 08:12:14.550,0.71316,0.7135,2.25,2.32
2015.01.29 08:12:14.601,0.71312,0.7135,1.15,4.50
2015.01.29 08:12:15.432,0.71314,0.7135,2.32,2.32
2015.01.29 08:12:15.483,0.71315,0.71353,3.07,2.32
2015.01.29 08:12:15.735,0.7132,0.71353,1.07,2.25
2015.01.29 08:12:15.785,0.7132,0.71358,3.07,2.32
2015.01.29 08:12:17.012,0.71325,0.71358,1.00,2.32
2015.01.29 08:12:17.636,0.71325,0.71358,1.07,2.25
2015.01.29 08:12:17.687,0.71325,0.71362,1.15,2.32
2015.01.29 08:12:21.255,0.71327,0.71362,2.32,2.25
2015.01.29 08:12:21.305,0.71328,0.71367,2.32,2.32
2015.01.29 08:12:21.356,0.71328,0.71364,2.32,2.32
2015.01.29 08:12:21.406,0.71326,0.71364,1.15,4.50
2015.01.29 08:12:23.255,0.71327,0.71364,3.07,2.32
2015.01.29 08:12:23.306,0.71329,0.71367,1.15,2.32
2015.01.29 08:12:23.356,0.71331,0.71367,2.32,2.25
2015.01.29 08:12:23.407,0.71333,0.71371,1.15,2.32
2015.01.29 08:12:24.140,0.71336,0.71371,3.07,2.25
2015.01.29 08:12:24.195,0.71337,0.71375,2.32,2.32
2015.01.29 08:12:25.512,0.71336,0.71371,2.32,2.25
2015.01.29 08:12:25.563,0.71335,0.71371,1.17,2.32
2015.01.29 08:12:29.827,0.71336,0.71372,2.25,2.32
2015.01.29 08:12:29.877,0.71336,0.71375,2.32,2.32
2015.01.29 08:12:30.033,0.7134,0.71377,2.25,2.32
2015.01.29 08:12:30.084,0.7134,0.71379,2.32,2.32
2015.01.29 08:12:30.342,0.71339,0.71374,2.32,2.25
2015.01.29 08:12:30.392,0.71336,0.71374,2.32,2.32
2015.01.29 08:12:30.755,0.71338,0.71379,3.07,2.32
2015.01.29 08:12:32.650,0.71337,0.71374,3.07,2.25
2015.01.29 08:12:32.801,0.71339,0.71378,2.32,2.32
2015.01.29 08:12:33.658,0.71351,0.71382,2.32,1.00
2015.01.29 08:12:33.759,0.71342,0.71377,1.07,2.32
2015.01.29 08:12:34.117,0.71347,0.71379,2.25,2.25
2015.01.29 08:12:34.168,0.71347,0.71381,4.50,1.00
2015.01.29 08:12:34.219,0.71347,0.71379,2.25,2.25
2015.01.29 08:12:34.270,0.7134,0.71379,2.32,2.32
2015.01.29 08:12:35.147,0.71339,0.71374,2.32,2.25
2015.01.29 08:12:35.198,0.71335,0.71374,2.32,2.32
2015.01.29 08:12:35.349,0.71338,0.71375,2.32,2.32
2015.01.29 08:12:35.400,0.71338,0.71378,4.50,4.50
2015.01.29 08:12:35.864,0.71335,0.71374,2.32,2.32
2015.01.29 08:12:36.758,0.71334,0.7137,2.32,2.25
2015.01.29 08:12:36.808,0.71332,0.7137,2.32,2.32
2015.01.29 08:12:38.866,0.71331,0.71367,2.32,2.32
2015.01.29 08:12:38.917,0.71327,0.71367,4.50,4.50
2015.01.29 08:12:39.184,0.71324,0.7136,2.32,1.17
2015.01.29 08:12:39.738,0.71323,0.71359,2.32,2.25
2015.01.29 08:12:39.789,0.71321,0.71359,2.32,2.32
2015.01.29 08:12:42.060,0.7132,0.71356,2.32,2.32
2015.01.29 08:12:42.111,0.71317,0.71356,2.32,2.32
2015.01.29 08:12:42.375,0.71316,0.71352,2.32,2.25
2015.01.29 08:12:42.426,0.71313,0.71352,2.32,2.32
2015.01.29 08:12:43.674,0.71319,0.71354,2.25,2.32
2015.01.29 08:12:43.725,0.71319,0.71355,2.32,1.65
2015.01.29 08:12:44.463,0.71318,0.71355,2.32,2.32
2015.01.29 08:12:44.514,0.71316,0.71355,1.15,4.50
2015.01.29 08:12:44.564,0.71316,0.71345,1.15,1.00
2015.01.29 08:12:44.715,0.71312,0.71345,3.07,1.00
2015.01.29 08:12:44.967,0.71315,0.7135,2.25,1.07
2015.01.29 08:12:45.018,0.71315,0.7135,4.50,1.00
2015.01.29 08:12:45.149,0.71315,0.7135,2.32,1.07
2015.01.29 08:12:45.200,0.71313,0.7135,3.07,1.15
2015.01.29 08:12:45.250,0.71316,0.71352,2.32,2.32
2015.01.29 08:12:45.301,0.71316,0.71355,2.32,3.07
2015.01.29 08:12:45.810,0.71316,0.7135,2.32,1.00
2015.01.29 08:12:46.316,0.71316,0.71355,3.07,2.32
2015.01.29 08:12:47.084,0.7132,0.71357,2.25,2.32
2015.01.29 08:12:47.599,0.7132,0.71358,2.32,2.32
2015.01.29 08:12:48.174,0.71323,0.71359,2.32,2.32
2015.01.29 08:12:48.225,0.71323,0.71362,2.32,2.32
2015.01.29 08:12:49.903,0.71329,0.71366,2.32,1.15
2015.01.29 08:12:50.205,0.71332,0.71365,2.32,1.00
2015.01.29 08:12:50.407,0.71333,0.7137,2.32,1.15
2015.01.29 08:12:50.508,0.71336,0.71374,4.50,1.27
2015.01.29 08:12:50.609,0.71336,0.71371,4.50,1.00
2015.01.29 08:12:50.843,0.71336,0.71375,4.50,1.52
2015.01.29 08:12:51.044,0.71336,0.7137,4.50,1.00
2015.01.29 08:12:51.779,0.71336,0.7137,2.32,1.07
2015.01.29 08:12:51.829,0.71333,0.7137,2.32,1.15
2015.01.29 08:12:52.264,0.71336,0.7137,2.32,1.07
2015.01.29 08:12:52.315,0.71336,0.7137,2.32,1.00
2015.01.29 08:12:52.873,0.71341,0.7137,2.25,1.00
2015.01.29 08:12:53.176,0.71345,0.7138,2.32,1.07
2015.01.29 08:12:53.584,0.71343,0.71379,2.32,2.25
2015.01.29 08:12:53.635,0.71341,0.71379,2.32,2.32
2015.01.29 08:12:53.786,0.7134,0.71375,2.32,2.62
2015.01.29 08:12:53.836,0.71336,0.7137,2.32,1.00
2015.01.29 08:12:53.887,0.71335,0.7137,2.32,1.07
2015.01.29 08:12:53.938,0.71333,0.7137,2.32,1.15
2015.01.29 08:12:54.089,0.71332,0.71367,2.32,2.25
2015.01.29 08:12:54.139,0.71329,0.71365,2.32,1.15
2015.01.29 08:12:56.416,0.71328,0.71362,2.32,2.25
2015.01.29 08:12:56.467,0.71324,0.71362,2.32,2.32
2015.01.29 08:12:56.518,0.71323,0.71359,2.32,2.32
2015.01.29 08:12:56.568,0.7132,0.71359,2.32,2.32
2015.01.29 08:12:57.096,0.71329,0.7136,2.25,3.00
2015.01.29 08:12:57.146,0.71329,0.7136,4.50,1.00
2015.01.29 08:12:57.248,0.71329,0.71365,4.50,1.20
2015.01.29 08:12:57.595,0.71329,0.71364,2.32,2.25
2015.01.29 08:12:57.646,0.71326,0.71364,2.32,2.32
2015.01.29 08:12:58.282,0.71325,0.71361,2.32,2.32
2015.01.29 08:12:58.333,0.71322,0.71361,2.32,2.32
2015.01.29 08:12:59.783,0.71321,0.71357,2.32,2.25
2015.01.29 08:12:59.834,0.71319,0.71357,2.32,2.32
2015.01.29 08:12:59.884,0.71322,0.71358,2.32,2.32
2015.01.29 08:12:59.935,0.71322,0.7136,2.32,1.65
2015.01.29 08:13:00.205,0.71326,0.71359,2.25,1.10
2015.01.29 08:13:00.803,0.71326,0.71362,2.32,1.15
2015.01.29 08:13:01.035,0.71332,0.71371,2.32,2.32
2015.01.29 08:13:01.085,0.71336,0.71373,2.25,3.07
2015.01.29 08:13:01.635,0.71336,0.71374,2.32,2.32
2015.01.29 08:13:06.510,0.71335,0.71371,2.32,2.32
2015.01.29 08:13:06.561,0.71332,0.71371,2.32,2.32
2015.01.29 08:13:07.215,0.71336,0.71372,2.25,2.32
2015.01.29 08:13:07.265,0.71336,0.71374,2.32,3.07
2015.01.29 08:13:07.316,0.7134,0.71375,2.25,2.32
2015.01.29 08:13:07.367,0.7134,0.71378,2.32,3.07
2015.01.29 08:13:08.803,0.71339,0.71374,2.32,2.25
2015.01.29 08:13:08.854,0.71336,0.71374,2.32,2.32
2015.01.29 08:13:09.325,0.71335,0.71363,2.25,2.25
2015.01.29 08:13:09.375,0.71326,0.71363,1.15,2.32
2015.01.29 08:13:09.634,0.71327,0.71364,2.32,2.32
2015.01.29 08:13:09.684,0.71327,0.71367,4.50,5.25
2015.01.29 08:13:10.123,0.71333,0.71367,2.25,2.25
2015.01.29 08:13:10.174,0.71333,0.71371,2.32,1.15
2015.01.29 08:13:17.162,0.71337,0.71374,2.25,2.32
2015.01.29 08:13:17.722,0.71337,0.71375,2.32,2.32
2015.01.29 08:13:18.594,0.71346,0.71381,2.32,1.17
2015.01.29 08:13:18.695,0.71351,0.7139,2.32,2.32
2015.01.29 08:13:19.914,0.71354,0.71394,4.50,4.50
2015.01.29 08:13:21.395,0.71351,0.71389,2.32,2.32
2015.01.29 08:13:21.525,0.71348,0.71385,1.17,2.32
2015.01.29 08:13:21.576,0.71351,0.71387,2.25,2.32
2015.01.29 08:13:21.627,0.71351,0.71389,2.32,1.15
2015.01.29 08:13:21.778,0.71354,0.71391,2.32,2.32
2015.01.29 08:13:21.829,0.71357,0.71395,1.17,2.32
2015.01.29 08:13:24.679,0.71359,0.71396,2.25,2.32
2015.01.29 08:13:24.730,0.71359,0.714,4.50,5.25
2015.01.29 08:13:25.915,0.71355,0.71393,1.15,2.32
2015.01.29 08:13:26.904,0.71351,0.71389,2.32,2.32
2015.01.29 08:13:29.197,0.7135,0.71386,2.32,2.32
2015.01.29 08:13:29.248,0.71349,0.71386,1.15,2.32
2015.01.29 08:13:30.266,0.71355,0.71386,1.00,2.32
2015.01.29 08:13:30.316,0.71356,0.71394,2.32,2.32
2015.01.29 08:13:30.417,0.71361,0.71399,1.15,2.32
2015.01.29 08:13:30.518,0.71365,0.71405,2.32,3.07
2015.01.29 08:13:30.719,0.7137,0.71409,2.32,2.32
2015.01.29 08:13:31.431,0.71374,0.7141,2.32,1.17
2015.01.29 08:13:32.723,0.71374,0.71405,2.32,1.00
2015.01.29 08:13:32.924,0.71374,0.7141,2.32,1.17
2015.01.29 08:13:33.126,0.71374,0.71406,2.32,1.00
2015.01.29 08:13:33.333,0.71374,0.7141,2.32,1.17
2015.01.29 08:13:34.324,0.71374,0.71405,2.32,1.00
2015.01.29 08:13:34.697,0.71374,0.714,2.32,1.00
2015.01.29 08:13:35.309,0.71374,0.71401,2.32,1.00
2015.01.29 08:13:35.925,0.71374,0.714,2.32,1.00
2015.01.29 08:13:35.975,0.71374,0.71405,2.32,1.00
2015.01.29 08:13:36.076,0.71372,0.71405,1.17,1.10
2015.01.29 08:13:36.506,0.71374,0.71405,2.25,1.00
2015.01.29 08:13:37.008,0.71378,0.71405,2.25,1.00
2015.01.29 08:13:37.108,0.71385,0.71415,2.25,1.07
2015.01.29 08:13:37.310,0.71385,0.7142,2.32,1.07
2015.01.29 08:13:38.175,0.71385,0.71415,3.07,1.00
2015.01.29 08:13:38.513,0.71388,0.71415,2.32,1.00
2015.01.29 08:13:39.434,0.71387,0.71415,2.25,1.00
2015.01.29 08:13:39.485,0.71381,0.71415,4.50,1.00
2015.01.29 08:13:39.535,0.71381,0.71415,2.32,1.07
2015.01.29 08:13:39.586,0.71378,0.71415,2.32,1.15
2015.01.29 08:13:39.636,0.71384,0.71415,2.25,1.07
2015.01.29 08:13:39.938,0.71391,0.71416,2.32,1.00
2015.01.29 08:13:40.194,0.71387,0.71416,2.32,1.00
2015.01.29 08:13:40.740,0.71387,0.71415,2.32,1.00
2015.01.29 08:13:41.191,0.71384,0.71406,2.32,1.00
2015.01.29 08:13:41.474,0.71379,0.71405,2.32,1.00
2015.01.29 08:13:41.525,0.71379,0.714,2.32,1.00
2015.01.29 08:13:41.853,0.71376,0.714,1.15,1.00
2015.01.29 08:13:42.151,0.71375,0.71413,2.32,2.32
2015.01.29 08:13:42.625,0.71379,0.71414,2.25,2.32
2015.01.29 08:13:42.676,0.71379,0.71418,2.32,2.32
2015.01.29 08:13:43.129,0.71383,0.71419,2.25,2.32
2015.01.29 08:13:43.179,0.71383,0.71422,2.32,2.32
2015.01.29 08:13:50.089,0.71386,0.71425,3.07,1.15
2015.01.29 08:13:50.442,0.71384,0.71422,3.07,2.25
2015.01.29 08:13:50.847,0.71383,0.71418,1.17,2.25
2015.01.29 08:13:50.897,0.71383,0.71418,1.10,2.32
2015.01.29 08:13:50.948,0.71383,0.71415,1.00,2.32
2015.01.29 08:13:51.099,0.7138,0.71415,1.00,2.32
2015.01.29 08:13:51.254,0.7138,0.7141,1.00,2.25
2015.01.29 08:13:51.305,0.71375,0.7141,1.07,3.07
2015.01.29 08:13:51.355,0.71375,0.71405,1.00,2.25
2015.01.29 08:13:51.657,0.71375,0.71402,1.00,4.50
2015.01.29 08:13:54.614,0.71373,0.71402,1.00,4.50
2015.01.29 08:13:54.773,0.71372,0.71397,1.00,2.25
2015.01.29 08:13:54.924,0.71367,0.71397,1.00,2.32
2015.01.29 08:14:03.738,0.71366,0.71397,1.00,2.32
2015.01.29 08:14:03.789,0.71366,0.71392,1.00,2.25
2015.01.29 08:14:04.273,0.71364,0.71392,1.00,2.32
2015.01.29 08:14:05.903,0.71364,0.71388,1.00,2.25
2015.01.29 08:14:05.953,0.71361,0.71388,1.00,2.32
2015.01.29 08:14:06.155,0.71359,0.71388,1.00,2.32
2015.01.29 08:14:09.385,0.71359,0.71385,1.00,2.32
2015.01.29 08:14:13.391,0.7136,0.71385,1.00,2.32
2015.01.29 08:14:13.442,0.7136,0.71389,1.00,4.50
2015.01.29 08:14:13.543,0.71359,0.71385,1.00,2.32
2015.01.29 08:14:15.233,0.71359,0.71386,1.00,2.25
2015.01.29 08:14:15.284,0.71361,0.71392,1.00,4.50
2015.01.29 08:14:15.334,0.71361,0.71386,1.00,2.25
2015.01.29 08:14:15.385,0.71359,0.71386,1.00,2.32
2015.01.29 08:14:16.139,0.71358,0.71386,1.00,2.32
2015.01.29 08:14:16.683,0.71356,0.71386,1.00,2.32
2015.01.29 08:14:17.233,0.71358,0.71386,1.00,2.32
2015.01.29 08:14:17.792,0.71355,0.71386,1.00,2.32
2015.01.29 08:14:18.402,0.71354,0.71386,1.00,2.32
2015.01.29 08:14:19.482,0.71359,0.71386,1.00,2.32
2015.01.29 08:14:19.583,0.71355,0.71386,1.50,2.32
2015.01.29 08:14:20.103,0.71354,0.71386,1.00,2.32
2015.01.29 08:14:20.977,0.71351,0.71386,1.10,2.32
2015.01.29 08:14:21.522,0.71352,0.71386,1.00,2.32
2015.01.29 08:14:21.974,0.7135,0.71384,1.07,2.32
2015.01.29 08:14:22.075,0.71347,0.71382,1.10,2.32
2015.01.29 08:14:22.175,0.71347,0.71378,1.10,2.32
2015.01.29 08:14:22.226,0.71344,0.71378,1.00,4.50
2015.01.29 08:14:22.327,0.71347,0.71378,1.00,4.50
2015.01.29 08:14:22.428,0.71348,0.71383,1.17,2.32
2015.01.29 08:14:22.630,0.71351,0.71383,1.00,2.32
2015.01.29 08:14:22.832,0.71351,0.71387,1.15,2.32
2015.01.29 08:14:22.882,0.7135,0.71385,1.07,2.32
2015.01.29 08:14:22.933,0.7135,0.71384,1.00,2.32
2015.01.29 08:14:23.139,0.71349,0.71387,3.07,2.32
2015.01.29 08:14:23.341,0.71346,0.71383,1.17,2.32
2015.01.29 08:14:23.693,0.71348,0.71383,2.32,2.25
2015.01.29 08:14:23.744,0.7135,0.71387,1.15,2.32
2015.01.29 08:14:24.570,0.71352,0.71387,2.32,2.25
2015.01.29 08:14:24.672,0.71353,0.71392,2.32,3.07
2015.01.29 08:14:25.626,0.71358,0.71392,1.00,2.32
2015.01.29 08:14:26.082,0.71353,0.71389,2.32,2.32
2015.01.29 08:14:26.133,0.71351,0.71388,1.15,2.32
2015.01.29 08:14:28.687,0.71355,0.71388,2.25,2.25
2015.01.29 08:14:28.737,0.71356,0.71394,2.32,3.07
2015.01.29 08:14:28.788,0.71356,0.71391,2.25,3.07
2015.01.29 08:14:28.839,0.71351,0.7139,3.07,2.32
2015.01.29 08:14:28.889,0.71351,0.71386,3.00,2.32
2015.01.29 08:14:28.940,0.71348,0.71386,1.15,4.50
2015.01.29 08:14:28.991,0.71348,0.71378,1.07,2.25
2015.01.29 08:14:29.041,0.71344,0.71377,1.00,2.32
2015.01.29 08:14:29.192,0.7134,0.71374,1.07,2.32
2015.01.29 08:14:29.243,0.71335,0.71374,1.15,4.50
2015.01.29 08:14:29.590,0.71336,0.71368,1.07,2.25
2015.01.29 08:14:29.640,0.71336,0.71368,1.00,4.50
2015.01.29 08:14:29.691,0.71338,0.71368,1.07,2.25
2015.01.29 08:14:29.742,0.71338,0.71377,3.07,2.32
2015.01.29 08:14:31.098,0.71345,0.71377,1.07,2.25
2015.01.29 08:14:31.148,0.71345,0.71383,1.15,4.50
2015.01.29 08:14:31.199,0.71347,0.71383,2.25,2.32
2015.01.29 08:14:31.249,0.71348,0.71386,2.32,2.32
2015.01.29 08:14:31.350,0.71351,0.7139,3.07,2.32
2015.01.29 08:14:38.403,0.71351,0.7139,3.07,2.32
2015.01.29 08:14:38.705,0.71364,0.71387,1.00,2.32
2015.01.29 08:14:38.756,0.7135,0.71387,1.27,2.32
2015.01.29 08:14:38.957,0.71347,0.71382,2.25,2.25
2015.01.29 08:14:39.008,0.71345,0.71381,1.15,2.32
2015.01.29 08:14:39.210,0.71338,0.7138,3.07,2.32
2015.01.29 08:14:39.663,0.71338,0.71377,2.25,2.32
2015.01.29 08:14:39.714,0.71336,0.71376,1.15,2.32
2015.01.29 08:14:40.063,0.71345,0.71376,1.00,2.32
2015.01.29 08:14:40.214,0.71347,0.71382,2.32,1.00
2015.01.29 08:14:40.264,0.71347,0.71384,3.00,2.32
2015.01.29 08:14:40.315,0.71347,0.71383,1.00,2.32
2015.01.29 08:14:40.366,0.71346,0.71383,2.32,2.25
2015.01.29 08:14:40.416,0.71346,0.71389,4.50,5.25
2015.01.29 08:14:40.467,0.71346,0.71385,2.32,2.32
2015.01.29 08:14:40.517,0.71343,0.71384,3.07,2.32
2015.01.29 08:14:41.372,0.71348,0.71386,2.32,1.17
2015.01.29 08:14:41.676,0.71354,0.71387,2.32,1.00
2015.01.29 08:14:41.777,0.71349,0.71387,4.50,1.20
2015.01.29 08:14:41.878,0.71344,0.71383,2.32,1.15
2015.01.29 08:14:43.673,0.71348,0.71384,2.32,3.00
2015.01.29 08:14:43.724,0.71349,0.71384,2.32,1.10
2015.01.29 08:14:45.375,0.71349,0.71382,2.25,2.25
2015.01.29 08:14:45.426,0.71342,0.7138,2.32,1.15
2015.01.29 08:14:45.476,0.71342,0.71377,2.25,2.32
2015.01.29 08:14:45.527,0.71341,0.71376,1.00,2.32
2015.01.29 08:14:45.578,0.71341,0.7137,1.00,2.25
2015.01.29 08:14:45.628,0.71337,0.71368,1.00,2.32
2015.01.29 08:14:45.729,0.71335,0.71368,1.00,2.32
2015.01.29 08:14:45.942,0.71335,0.71358,1.00,2.25
2015.01.29 08:14:45.993,0.71332,0.71357,1.00,2.32
2015.01.29 08:14:46.043,0.71332,0.71347,1.00,2.25
2015.01.29 08:14:46.094,0.71317,0.71346,1.00,2.32
2015.01.29 08:14:46.144,0.71317,0.71344,1.00,2.32
2015.01.29 08:14:46.195,0.71315,0.71343,1.00,2.32
2015.01.29 08:14:46.245,0.71315,0.71338,1.00,2.25
2015.01.29 08:14:46.296,0.71305,0.71337,1.00,2.32
2015.01.29 08:14:46.347,0.713,0.7133,1.07,2.25
2015.01.29 08:14:46.397,0.71299,0.71329,1.00,2.32
2015.01.29 08:14:46.448,0.71295,0.71326,1.47,2.32
2015.01.29 08:14:46.649,0.71287,0.71317,1.10,2.32
2015.01.29 08:14:46.750,0.71287,0.71313,1.00,2.32
2015.01.29 08:14:46.851,0.71274,0.71304,1.07,2.25
2015.01.29 08:14:47.002,0.71266,0.71303,1.00,2.32
2015.01.29 08:14:47.273,0.71262,0.71303,1.00,2.32
2015.01.29 08:14:48.047,0.71258,0.71303,1.15,2.32
2015.01.29 08:14:48.147,0.71258,0.71299,1.07,2.32
2015.01.29 08:14:48.248,0.71258,0.71297,1.00,2.32
2015.01.29 08:14:48.362,0.71256,0.71297,1.10,2.32
2015.01.29 08:14:51.072,0.7126,0.71288,1.00,1.00
2015.01.29 08:14:51.173,0.71243,0.71282,1.00,2.32
2015.01.29 08:14:51.261,0.71246,0.71282,1.00,2.32
2015.01.29 08:14:51.362,0.71246,0.71288,1.17,2.32
2015.01.29 08:14:51.413,0.71242,0.71282,2.25,2.25
2015.01.29 08:14:51.464,0.71241,0.71282,1.10,2.32
2015.01.29 08:14:53.317,0.71236,0.71273,2.25,2.25
2015.01.29 08:14:53.368,0.71233,0.71273,1.00,2.32
2015.01.29 08:14:53.469,0.71227,0.71273,3.07,2.32
2015.01.29 08:14:55.558,0.71233,0.71274,1.07,2.32
2015.01.29 08:14:55.608,0.71233,0.71277,1.15,2.32
2015.01.29 08:14:57.662,0.71237,0.71278,2.25,2.25
2015.01.29 08:14:57.713,0.71237,0.71283,2.32,3.07
2015.01.29 08:14:59.282,0.7125,0.71283,2.25,2.25
2015.01.29 08:14:59.383,0.71257,0.71296,1.07,2.25
2015.01.29 08:14:59.434,0.71264,0.71296,1.00,2.25
2015.01.29 08:14:59.485,0.71264,0.71301,1.10,2.25
2015.01.29 08:14:59.535,0.71269,0.71306,1.00,3.07
2015.01.29 08:14:59.637,0.71272,0.71318,3.07,2.32
2015.01.29 08:14:59.887,0.7128,0.71318,1.00,2.32
2015.01.29 08:15:00.323,0.71282,0.71318,1.00,2.32
2015.01.29 08:15:00.575,0.713,0.71334,1.00,1.00
2015.01.29 08:15:00.625,0.71315,0.7134,1.00,2.25
2015.01.29 08:15:00.676,0.71315,0.71345,1.00,1.15
2015.01.29 08:15:00.777,0.71309,0.71352,1.17,3.07
2015.01.29 08:15:00.827,0.71309,0.71342,1.07,2.25
2015.01.29 08:15:00.978,0.71305,0.71348,1.15,2.32
2015.01.29 08:15:01.394,0.71307,0.71348,3.07,2.25
2015.01.29 08:15:01.450,0.71308,0.71353,2.32,2.32
2015.01.29 08:15:03.606,0.71313,0.71353,3.00,2.25
2015.01.29 08:15:03.657,0.71314,0.71359,2.32,1.15
2015.01.29 08:15:04.187,0.71319,0.7136,1.00,2.32
2015.01.29 08:15:04.237,0.71319,0.7136,1.07,2.25
2015.01.29 08:15:04.288,0.71325,0.71365,1.00,2.32
2015.01.29 08:15:04.339,0.71325,0.71365,1.07,2.25
2015.01.29 08:15:04.390,0.71325,0.7137,3.07,2.32
2015.01.29 08:15:05.022,0.71332,0.7137,1.00,2.32
2015.01.29 08:15:05.174,0.71334,0.71378,1.15,3.07
2015.01.29 08:15:05.224,0.71334,0.71373,1.07,2.25
2015.01.29 08:15:05.275,0.71331,0.71372,1.10,2.32
2015.01.29 08:15:05.325,0.71331,0.71358,1.10,2.25
2015.01.29 08:15:05.577,0.71335,0.71365,1.00,4.50
2015.01.29 08:15:05.678,0.71335,0.71368,1.00,2.32
2015.01.29 08:15:05.779,0.71335,0.71373,1.00,2.32
2015.01.29 08:15:05.830,0.71329,0.71369,1.57,2.32
2015.01.29 08:15:05.880,0.71329,0.71368,1.50,2.32
2015.01.29 08:15:05.931,0.71327,0.71368,1.10,2.32
2015.01.29 08:15:06.324,0.71327,0.71368,3.07,2.25
2015.01.29 08:15:06.475,0.7134,0.71378,1.00,2.32
2015.01.29 08:15:06.676,0.71334,0.71378,1.15,2.32
2015.01.29 08:15:06.727,0.71334,0.71373,1.07,2.25
2015.01.29 08:15:06.778,0.7133,0.71372,1.65,2.32
2015.01.29 08:15:06.883,0.71333,0.71372,1.00,2.32
2015.01.29 08:15:06.983,0.71333,0.71377,1.15,2.32
2015.01.29 08:15:08.529,0.71334,0.71373,1.07,2.32
2015.01.29 08:15:08.580,0.71332,0.71372,1.00,2.32
2015.01.29 08:15:08.630,0.71332,0.71368,1.00,2.32
2015.01.29 08:15:08.681,0.71328,0.71367,1.00,2.32
2015.01.29 08:15:08.732,0.71328,0.71357,1.00,2.25
2015.01.29 08:15:08.782,0.71322,0.71356,1.00,2.32
2015.01.29 08:15:08.884,0.71315,0.71352,1.00,2.25
2015.01.29 08:15:09.035,0.71314,0.71348,1.00,2.32
2015.01.29 08:15:09.086,0.71306,0.71346,1.00,2.32
2015.01.29 08:15:09.136,0.71306,0.71342,1.00,2.32
2015.01.29 08:15:09.237,0.71304,0.71341,1.00,2.32
2015.01.29 08:15:09.458,0.71301,0.71341,1.00,2.32
2015.01.29 08:15:09.558,0.71301,0.71338,1.00,2.32
2015.01.29 08:15:10.062,0.71302,0.71337,1.00,2.32
2015.01.29 08:15:10.539,0.71299,0.71333,1.00,2.32
2015.01.29 08:15:10.640,0.71296,0.71333,1.00,4.50
2015.01.29 08:15:10.854,0.71299,0.71333,1.00,2.25
2015.01.29 08:15:10.905,0.71299,0.71339,1.00,4.50
2015.01.29 08:15:11.172,0.71296,0.71339,1.00,4.50
2015.01.29 08:15:11.222,0.71296,0.71335,1.00,2.32
2015.01.29 08:15:11.524,0.71263,0.71289,2.25,1.07
2015.01.29 08:15:11.625,0.71246,0.7126,1.07,1.00
2015.01.29 08:15:11.726,0.71232,0.71255,2.25,1.00
2015.01.29 08:15:11.777,0.71232,0.71265,2.25,3.00
2015.01.29 08:15:11.828,0.71222,0.71264,3.07,2.25
2015.01.29 08:15:11.879,0.71222,0.71251,3.07,1.00
2015.01.29 08:15:11.980,0.71223,0.7126,2.25,1.07
2015.01.29 08:15:12.081,0.71215,0.71259,2.70,1.15
2015.01.29 08:15:12.131,0.71211,0.71256,1.65,4.50
2015.01.29 08:15:12.232,0.71202,0.7124,1.00,1.00
2015.01.29 08:15:12.333,0.71202,0.71239,1.00,2.32
2015.01.29 08:15:12.535,0.71191,0.71229,1.00,2.32
2015.01.29 08:15:12.585,0.71192,0.7123,2.25,2.25
2015.01.29 08:15:12.636,0.71192,0.71232,2.32,1.00
2015.01.29 08:15:12.737,0.71192,0.71238,2.32,1.15
2015.01.29 08:15:12.787,0.71196,0.71238,2.25,1.07
2015.01.29 08:15:12.838,0.71196,0.71241,2.32,1.00
2015.01.29 08:15:13.372,0.71196,0.71246,2.32,2.32
2015.01.29 08:15:13.712,0.71203,0.71247,2.25,2.25
2015.01.29 08:15:13.762,0.71203,0.71252,2.32,2.32
2015.01.29 08:15:13.813,0.71208,0.71253,2.25,2.32
2015.01.29 08:15:13.863,0.71208,0.71256,2.32,2.32
2015.01.29 08:15:14.088,0.71213,0.71258,2.25,2.32
2015.01.29 08:15:14.627,0.71213,0.71259,2.32,2.32
2015.01.29 08:15:14.929,0.71225,0.71269,2.32,1.15
2015.01.29 08:15:15.030,0.71231,0.71275,2.32,1.17
2015.01.29 08:15:15.131,0.71243,0.71279,2.32,1.12
2015.01.29 08:15:15.358,0.71257,0.71295,1.00,2.32
2015.01.29 08:15:15.409,0.71262,0.71296,2.25,2.25
2015.01.29 08:15:15.459,0.71262,0.71309,4.50,4.50
2015.01.29 08:15:15.510,0.71291,0.71309,2.25,2.25
2015.01.29 08:15:15.560,0.71291,0.71319,2.32,1.00
2015.01.29 08:15:15.611,0.71294,0.71326,1.07,1.00
2015.01.29 08:15:15.712,0.71329,0.71338,1.00,2.17
2015.01.29 08:15:15.813,0.71326,0.71344,1.00,2.25
2015.01.29 08:15:15.863,0.71344,0.71355,1.00,2.32
2015.01.29 08:15:15.964,0.71344,0.71374,1.00,2.32
2015.01.29 08:15:16.015,0.7135,0.71374,1.00,2.32
2015.01.29 08:15:16.337,0.71355,0.71374,1.00,2.32
2015.01.29 08:15:16.387,0.7135,0.71374,1.00,2.32
2015.01.29 08:15:16.438,0.7135,0.71377,1.00,2.32
2015.01.29 08:15:16.790,0.71355,0.71377,1.00,2.32
2015.01.29 08:15:17.042,0.71355,0.71381,1.00,1.00
2015.01.29 08:15:17.255,0.71355,0.7137,1.00,1.00
2015.01.29 08:15:17.456,0.71324,0.71358,1.00,2.32
2015.01.29 08:15:17.507,0.71324,0.7135,1.00,2.25
2015.01.29 08:15:17.558,0.7131,0.7135,1.20,4.50
2015.01.29 08:15:17.608,0.7131,0.71336,1.10,2.25
2015.01.29 08:15:17.709,0.71299,0.71336,1.00,2.32
2015.01.29 08:15:17.810,0.71297,0.71336,1.10,2.32
2015.01.29 08:15:17.911,0.713,0.71337,2.25,2.25
2015.01.29 08:15:17.961,0.713,0.71343,2.32,1.15
2015.01.29 08:15:18.915,0.71299,0.71338,2.32,2.25
2015.01.29 08:15:18.966,0.71295,0.71338,2.32,2.32
2015.01.29 08:15:20.422,0.71293,0.71331,2.25,2.25
2015.01.29 08:15:20.473,0.71288,0.71331,2.32,2.32
2015.01.29 08:15:20.523,0.71287,0.71324,2.25,2.25
2015.01.29 08:15:20.574,0.71283,0.71324,1.15,2.32
2015.01.29 08:15:20.624,0.71283,0.71319,1.07,2.25
2015.01.29 08:15:20.675,0.71281,0.71319,1.10,2.32
2015.01.29 08:15:20.726,0.71281,0.71315,1.00,2.25
2015.01.29 08:15:20.877,0.71277,0.71315,1.10,2.32
2015.01.29 08:15:23.052,0.7128,0.71315,1.00,2.32
2015.01.29 08:15:23.377,0.71283,0.71315,1.00,2.32
2015.01.29 08:15:23.427,0.71281,0.71315,1.00,2.32
2015.01.29 08:15:23.528,0.71277,0.71315,1.10,2.32
2015.01.29 08:15:25.064,0.71277,0.7132,2.32,2.32
2015.01.29 08:15:27.763,0.71271,0.71313,2.32,2.32
2015.01.29 08:15:28.102,0.71278,0.7132,2.32,2.32
2015.01.29 08:15:29.526,0.71282,0.71321,2.25,2.32
2015.01.29 08:15:29.577,0.71282,0.71325,2.32,2.32
2015.01.29 08:15:30.257,0.71289,0.71326,2.25,2.25
2015.01.29 08:15:30.307,0.71289,0.71331,2.32,2.32
2015.01.29 08:15:36.763,0.71293,0.71332,2.25,4.50
2015.01.29 08:15:47.213,0.71292,0.71328,1.15,2.32
2015.01.29 08:15:47.516,0.71299,0.71336,2.32,2.32
2015.01.29 08:15:49.044,0.71299,0.71333,2.25,2.32
2015.01.29 08:15:49.094,0.71295,0.71332,2.32,2.32
2015.01.29 08:15:51.448,0.71295,0.71329,2.25,2.32
2015.01.29 08:15:51.499,0.71289,0.71329,4.50,4.50
2015.01.29 08:15:51.549,0.71293,0.71329,2.32,2.32
2015.01.29 08:15:51.600,0.71294,0.71332,2.32,2.32
2015.01.29 08:15:52.358,0.71296,0.71332,2.32,2.25
2015.01.29 08:15:52.408,0.71299,0.71336,2.32,2.25
2015.01.29 08:15:52.509,0.71301,0.71335,2.25,2.32
2015.01.29 08:15:52.610,0.71296,0.71334,2.32,2.32
2015.01.29 08:15:53.632,0.71298,0.71334,2.32,2.25
2015.01.29 08:15:53.734,0.713,0.71338,2.32,3.07
2015.01.29 08:15:53.952,0.713,0.71334,2.25,2.32
2015.01.29 08:15:54.003,0.71295,0.71333,2.32,2.32
2015.01.29 08:15:54.713,0.71297,0.71333,2.32,2.25
2015.01.29 08:15:54.815,0.71299,0.71336,2.32,2.32
2015.01.29 08:15:55.963,0.71299,0.71334,2.25,2.32
2015.01.29 08:15:56.013,0.71295,0.71333,2.32,2.32
2015.01.29 08:15:56.455,0.71295,0.7133,2.25,2.32
2015.01.29 08:15:56.505,0.7129,0.71328,2.32,2.32
2015.01.29 08:15:56.556,0.7129,0.71323,2.25,2.25
2015.01.29 08:15:56.607,0.71285,0.71322,2.32,2.32
2015.01.29 08:15:57.270,0.71288,0.71322,2.32,2.25
2015.01.29 08:15:57.320,0.71289,0.71326,2.32,2.32
2015.01.29 08:15:59.754,0.71291,0.71326,2.32,2.25
2015.01.29 08:15:59.805,0.71292,0.7133,2.32,2.32
2015.01.29 08:16:01.167,0.71292,0.71326,2.25,2.32
2015.01.29 08:16:01.218,0.71289,0.71325,1.17,2.32
2015.01.29 08:16:01.269,0.71289,0.71325,3.07,2.32
2015.01.29 08:16:01.319,0.7129,0.71327,2.32,2.32
2015.01.29 08:16:05.544,0.7129,0.71326,2.25,2.32
2015.01.29 08:16:05.645,0.71286,0.71325,3.07,2.32
2015.01.29 08:16:05.955,0.7129,0.71325,2.32,2.25
2015.01.29 08:16:06.061,0.71291,0.71329,2.32,2.32
2015.01.29 08:16:07.180,0.71294,0.71329,2.32,2.25
2015.01.29 08:16:07.230,0.71294,0.71334,4.50,4.50
2015.01.29 08:16:08.686,0.71297,0.71334,2.32,2.32
2015.01.29 08:16:08.736,0.71298,0.71337,2.32,2.32
2015.01.29 08:16:08.787,0.713,0.71337,2.32,2.25
2015.01.29 08:16:08.837,0.71302,0.7134,2.32,2.32
2015.01.29 08:16:08.888,0.71302,0.71338,2.25,2.32
2015.01.29 08:16:08.939,0.71297,0.71338,4.50,5.25
2015.01.29 08:16:08.989,0.71297,0.71333,2.25,2.25
2015.01.29 08:16:09.040,0.71291,0.71333,4.50,4.50
2015.01.29 08:16:09.191,0.71295,0.71333,2.32,2.32
2015.01.29 08:16:09.444,0.71292,0.71328,1.00,2.32
2015.01.29 08:16:09.696,0.71291,0.71328,2.32,2.32
2015.01.29 08:16:09.746,0.71292,0.71331,2.32,2.32
2015.01.29 08:16:09.797,0.71296,0.71331,2.32,2.32
2015.01.29 08:16:09.847,0.71297,0.71334,2.32,2.32
2015.01.29 08:16:10.453,0.71298,0.71334,2.32,2.25
2015.01.29 08:16:10.572,0.713,0.71338,2.32,2.32
2015.01.29 08:16:10.673,0.71303,0.71342,2.32,2.32
2015.01.29 08:16:10.943,0.71302,0.71338,2.32,2.25
2015.01.29 08:16:10.993,0.71298,0.71338,2.32,2.32
2015.01.29 08:16:11.144,0.71302,0.71339,2.25,2.32
2015.01.29 08:16:11.680,0.71302,0.7134,2.32,2.32
2015.01.29 08:16:13.757,0.71305,0.71341,2.32,2.32
2015.01.29 08:16:13.807,0.71305,0.71344,2.32,2.32
2015.01.29 08:16:17.668,0.71309,0.71347,2.32,2.32
2015.01.29 08:16:17.970,0.71314,0.71352,2.32,2.32
2015.01.29 08:16:18.303,0.71319,0.71356,2.32,2.32
2015.01.29 08:16:18.752,0.71318,0.71354,2.32,2.32
2015.01.29 08:16:18.863,0.71314,0.71354,2.32,2.32
2015.01.29 08:16:19.389,0.71327,0.71356,2.32,1.00
2015.01.29 08:16:19.490,0.71327,0.71365,2.32,2.32
2015.01.29 08:16:19.591,0.71333,0.7137,2.32,2.32
2015.01.29 08:16:20.296,0.71336,0.71374,2.32,2.32
2015.01.29 08:16:20.498,0.71329,0.71366,4.50,1.15
2015.01.29 08:16:20.599,0.71324,0.71364,4.50,5.25
2015.01.29 08:16:20.913,0.71321,0.71359,2.32,2.32
2015.01.29 08:16:21.685,0.7132,0.71353,2.25,1.07
2015.01.29 08:16:21.735,0.71314,0.71353,4.50,1.15
2015.01.29 08:16:21.995,0.71318,0.71355,2.32,2.32
2015.01.29 08:16:22.046,0.71318,0.71358,4.50,4.50
2015.01.29 08:16:22.499,0.71323,0.71358,2.25,2.32
2015.01.29 08:16:22.550,0.71323,0.7136,2.32,1.15
2015.01.29 08:16:22.701,0.71327,0.71361,2.25,1.15
2015.01.29 08:16:22.752,0.71327,0.71361,2.32,1.17
2015.01.29 08:16:23.205,0.71326,0.71355,2.25,1.07
2015.01.29 08:16:23.255,0.71318,0.71355,2.32,1.07
2015.01.29 08:16:24.682,0.71325,0.71357,2.25,1.07
2015.01.29 08:16:24.783,0.71325,0.71363,2.32,3.07
2015.01.29 08:16:25.187,0.71324,0.71358,2.32,2.25
2015.01.29 08:16:25.237,0.7132,0.71358,2.32,2.32
2015.01.29 08:16:26.508,0.71325,0.71359,2.25,2.32
2015.01.29 08:16:26.558,0.71325,0.71362,2.32,2.32
2015.01.29 08:16:28.677,0.71329,0.71363,2.25,2.32
2015.01.29 08:16:28.727,0.71329,0.71367,2.32,2.32
2015.01.29 08:16:28.982,0.71333,0.71368,2.25,2.32
2015.01.29 08:16:29.033,0.71333,0.71371,2.32,2.32
2015.01.29 08:16:29.191,0.71337,0.71372,2.25,2.32
2015.01.29 08:16:29.242,0.71337,0.71375,2.32,3.07
2015.01.29 08:16:30.586,0.71341,0.71377,2.25,2.32
2015.01.29 08:16:30.637,0.71341,0.71378,2.32,1.15
2015.01.29 08:16:30.687,0.7134,0.71375,2.32,3.00
2015.01.29 08:16:30.738,0.71337,0.71375,2.32,3.07
2015.01.29 08:16:34.610,0.71336,0.71368,2.25,2.25
2015.01.29 08:16:34.661,0.7133,0.71366,2.32,1.15
2015.01.29 08:16:34.712,0.71329,0.7136,2.25,2.25
2015.01.29 08:16:34.762,0.71322,0.7136,2.32,2.32
2015.01.29 08:16:34.813,0.71327,0.71362,2.25,2.32
2015.01.29 08:16:34.864,0.71327,0.71365,2.32,2.32
2015.01.29 08:16:38.794,0.71327,0.71361,2.25,2.32
2015.01.29 08:16:38.844,0.71323,0.7136,2.32,2.32
2015.01.29 08:16:41.490,0.71323,0.71358,2.25,2.32
2015.01.29 08:16:41.540,0.71319,0.71357,3.07,2.32
2015.01.29 08:16:41.990,0.71326,0.71357,2.25,2.25
2015.01.29 08:16:42.041,0.71328,0.71366,2.32,2.70
2015.01.29 08:16:42.092,0.71328,0.7134,2.17,1.00
2015.01.29 08:16:42.142,0.71322,0.71337,2.32,1.00
2015.01.29 08:16:42.194,0.71322,0.71357,2.32,2.32
2015.01.29 08:16:42.321,0.7132,0.71356,1.15,2.32
2015.01.29 08:16:44.297,0.71319,0.71354,2.25,2.32
2015.01.29 08:16:44.348,0.71315,0.71353,2.32,2.32
2015.01.29 08:16:48.706,0.71315,0.7135,2.25,2.32
2015.01.29 08:16:48.830,0.7131,0.7135,5.25,4.50
2015.01.29 08:16:50.771,0.71314,0.7135,3.07,2.32
2015.01.29 08:16:50.821,0.71314,0.71354,5.25,4.50
2015.01.29 08:16:52.592,0.7132,0.71354,3.00,2.32
2015.01.29 08:16:52.643,0.7132,0.71358,3.07,2.32
2015.01.29 08:16:53.691,0.71325,0.7136,2.25,2.32
2015.01.29 08:16:53.741,0.71325,0.71363,2.32,2.32
2015.01.29 08:16:54.161,0.71324,0.71359,2.32,2.25
2015.01.29 08:16:54.212,0.71321,0.71359,2.32,2.32
2015.01.29 08:17:01.851,0.71321,0.71356,2.25,2.32
2015.01.29 08:17:01.901,0.71317,0.71355,2.32,2.32
2015.01.29 08:17:02.254,0.71322,0.71355,1.07,2.25
2015.01.29 08:17:02.305,0.71322,0.71359,1.15,2.32
2015.01.29 08:17:03.449,0.71324,0.71359,2.32,2.25
2015.01.29 08:17:03.558,0.71324,0.71364,4.50,4.50
2015.01.29 08:17:08.811,0.71324,0.71359,2.32,2.25
2015.01.29 08:17:08.862,0.71322,0.71359,1.15,2.32
2015.01.29 08:17:09.013,0.7132,0.71355,2.32,2.25
2015.01.29 08:17:09.064,0.71318,0.71355,1.15,2.32
2015.01.29 08:17:09.114,0.71316,0.71346,3.00,2.25
2015.01.29 08:17:09.165,0.71316,0.71346,1.00,2.32
2015.01.29 08:17:09.316,0.71312,0.71346,1.00,2.32
2015.01.29 08:17:09.518,0.71316,0.71347,1.00,2.32
2015.01.29 08:17:09.568,0.71316,0.71349,1.00,2.32
2015.01.29 08:17:09.720,0.71316,0.7135,1.07,2.32
2015.01.29 08:17:09.770,0.71317,0.71354,1.15,4.50
2015.01.29 08:17:09.821,0.7132,0.71354,2.25,2.25
2015.01.29 08:17:09.872,0.71321,0.7136,1.15,4.50
2015.01.29 08:17:14.572,0.71325,0.7136,1.00,4.50
2015.01.29 08:17:14.622,0.71328,0.7136,2.25,2.25
2015.01.29 08:17:14.673,0.71328,0.71366,2.32,2.32
2015.01.29 08:17:14.925,0.71326,0.71353,2.25,2.25
2015.01.29 08:17:14.976,0.71315,0.7135,2.32,1.07
2015.01.29 08:17:15.027,0.71313,0.71348,2.32,2.25
2015.01.29 08:17:15.078,0.71311,0.71348,1.15,2.32
2015.01.29 08:17:15.128,0.71309,0.71339,2.25,2.25
2015.01.29 08:17:15.179,0.71306,0.71339,1.10,2.32
2015.01.29 08:17:15.230,0.71307,0.7134,2.25,2.25
2015.01.29 08:17:15.280,0.71307,0.71341,2.32,1.10
2015.01.29 08:17:16.143,0.71306,0.71339,2.25,2.25
2015.01.29 08:17:16.194,0.71301,0.71339,2.32,2.32
2015.01.29 08:17:16.971,0.71308,0.71339,4.50,1.00
2015.01.29 08:17:17.173,0.71302,0.71339,4.50,1.15
2015.01.29 08:17:17.274,0.71299,0.71337,2.32,2.32
2015.01.29 08:17:18.459,0.71303,0.71338,2.25,2.32
2015.01.29 08:17:18.510,0.71303,0.71339,2.32,1.17
2015.01.29 08:17:21.041,0.71307,0.71343,2.25,2.32
2015.01.29 08:17:21.091,0.71307,0.71344,2.32,1.15
2015.01.29 08:17:24.447,0.71311,0.71343,2.25,1.10
2015.01.29 08:17:25.363,0.71311,0.71345,2.32,1.10
2015.01.29 08:17:29.897,0.71311,0.71344,2.32,1.00
2015.01.29 08:17:30.170,0.71309,0.71344,2.32,1.07
2015.01.29 08:17:30.220,0.71307,0.71344,2.70,1.15
2015.01.29 08:17:32.631,0.71307,0.71339,2.70,1.00
2015.01.29 08:17:34.039,0.71307,0.7134,2.32,1.00
2015.01.29 08:17:34.611,0.71307,0.71341,2.32,1.10
2015.01.29 08:17:35.720,0.71311,0.71342,2.32,1.00
2015.01.29 08:17:35.941,0.71311,0.71348,2.32,1.15
2015.01.29 08:17:36.092,0.71315,0.71348,2.25,1.07
2015.01.29 08:17:36.143,0.71315,0.71355,4.50,5.25
2015.01.29 08:17:36.372,0.7132,0.71352,2.25,1.07
2015.01.29 08:17:36.473,0.7132,0.71353,2.32,1.00
2015.01.29 08:17:37.018,0.7132,0.71355,2.32,1.17
2015.01.29 08:17:37.219,0.71318,0.71354,1.17,2.32
2015.01.29 08:17:37.725,0.71316,0.71349,2.32,1.00
2015.01.29 08:17:38.230,0.71316,0.71353,2.32,1.15
2015.01.29 08:17:40.619,0.71321,0.71353,2.32,1.00
2015.01.29 08:17:40.670,0.71321,0.71355,2.32,1.10
2015.01.29 08:17:42.494,0.7132,0.71355,2.32,2.25
2015.01.29 08:17:42.545,0.71317,0.71352,2.32,1.07
2015.01.29 08:17:42.847,0.71317,0.71349,2.32,1.00
2015.01.29 08:17:43.048,0.71313,0.71349,2.32,1.15
2015.01.29 08:17:43.099,0.71312,0.71346,2.32,1.07
2015.01.29 08:17:43.149,0.71309,0.71346,2.32,1.15
2015.01.29 08:17:43.300,0.71308,0.71344,2.32,3.07
2015.01.29 08:17:43.351,0.71305,0.71344,1.15,5.25
2015.01.29 08:17:46.629,0.7131,0.71343,2.32,1.00
2015.01.29 08:17:47.179,0.7131,0.71348,3.07,3.07
2015.01.29 08:17:54.982,0.71312,0.71348,2.32,3.00
2015.01.29 08:17:55.032,0.71313,0.71348,2.32,1.10
2015.01.29 08:17:55.439,0.71317,0.7135,2.32,1.07
2015.01.29 08:17:55.540,0.71318,0.7135,2.32,1.00
2015.01.29 08:17:56.069,0.71318,0.71355,2.32,2.32
2015.01.29 08:18:07.049,0.71323,0.71355,1.00,2.32
2015.01.29 08:18:07.159,0.71327,0.71355,1.00,2.32
2015.01.29 08:18:07.310,0.71327,0.71361,1.00,4.50
2015.01.29 08:18:07.361,0.71327,0.71361,1.07,2.32
2015.01.29 08:18:07.411,0.71327,0.71365,1.15,5.25
2015.01.29 08:18:08.254,0.71326,0.7136,1.17,2.25
2015.01.29 08:18:08.305,0.71325,0.7136,1.17,2.32
2015.01.29 08:18:10.350,0.71327,0.7136,1.00,2.32
2015.01.29 08:18:12.223,0.71328,0.7136,1.00,2.32
2015.01.29 08:18:12.462,0.71328,0.71361,1.07,2.32
2015.01.29 08:18:12.512,0.71328,0.71364,1.17,3.07
2015.01.29 08:18:13.329,0.71331,0.71364,1.00,2.32
2015.01.29 08:18:15.639,0.71334,0.71364,1.00,2.32
2015.01.29 08:18:15.690,0.71334,0.7137,1.15,1.15
2015.01.29 08:18:15.873,0.7134,0.71371,1.00,2.32
2015.01.29 08:18:21.019,0.71338,0.71371,1.00,2.32
2015.01.29 08:18:21.520,0.71333,0.71366,1.10,2.32
2015.01.29 08:18:21.834,0.71325,0.71363,2.32,2.32
2015.01.29 08:18:25.138,0.71331,0.71369,2.32,2.32
2015.01.29 08:18:25.541,0.71339,0.71369,1.00,2.32
2015.01.29 08:18:25.642,0.71336,0.71369,1.00,2.32
2015.01.29 08:18:26.155,0.71332,0.71368,1.15,1.15
2015.01.29 08:18:28.537,0.71339,0.71373,1.10,2.32
2015.01.29 08:18:29.713,0.7134,0.71373,1.00,2.32
2015.01.29 08:18:29.764,0.7134,0.71376,1.15,1.15
2015.01.29 08:18:30.290,0.71343,0.71378,1.00,4.50
2015.01.29 08:18:34.328,0.71345,0.71378,1.00,4.50
2015.01.29 08:18:36.308,0.71344,0.71378,1.00,4.50
2015.01.29 08:18:37.958,0.71346,0.71378,1.00,4.50
2015.01.29 08:18:39.611,0.71345,0.71378,1.00,4.50
2015.01.29 08:18:42.163,0.71343,0.71378,1.00,4.50
2015.01.29 08:18:42.689,0.71344,0.71378,1.00,4.50
2015.01.29 08:18:46.888,0.7135,0.71378,1.10,2.25
2015.01.29 08:18:47.039,0.71352,0.7138,1.00,1.00
2015.01.29 08:18:47.090,0.71355,0.7138,1.00,1.00
2015.01.29 08:18:48.469,0.71355,0.71385,1.00,2.32
2015.01.29 08:18:54.607,0.71353,0.71385,1.00,2.32
2015.01.29 08:18:54.971,0.71353,0.71389,1.15,2.32
2015.01.29 08:18:55.369,0.71353,0.7138,1.15,1.00
2015.01.29 08:18:56.048,0.71354,0.71381,1.17,1.00
2015.01.29 08:18:56.377,0.71357,0.7138,1.00,1.00
2015.01.29 08:18:57.398,0.71357,0.71381,1.00,1.07
2015.01.29 08:18:57.449,0.71352,0.71381,1.00,3.45
2015.01.29 08:18:57.577,0.71349,0.71375,1.00,1.07
2015.01.29 08:18:57.683,0.71344,0.71375,1.00,3.07
2015.01.29 08:18:57.784,0.71344,0.71372,1.00,2.32
2015.01.29 08:18:57.885,0.71348,0.71375,1.00,1.15
2015.01.29 08:18:58.317,0.71345,0.71375,1.00,1.15
2015.01.29 08:18:58.367,0.71345,0.71371,1.00,1.00
2015.01.29 08:18:58.937,0.71345,0.71375,1.00,1.15
2015.01.29 08:18:58.987,0.71348,0.71375,1.00,1.15
2015.01.29 08:19:00.407,0.71347,0.71375,1.00,1.15
2015.01.29 08:19:00.508,0.71345,0.71375,1.00,1.27
2015.01.29 08:19:00.660,0.71345,0.7137,1.00,1.07
2015.01.29 08:19:00.761,0.71343,0.7137,1.00,1.15
2015.01.29 08:19:04.485,0.71349,0.71373,1.00,2.32
2015.01.29 08:19:04.535,0.71349,0.71376,1.00,3.07
2015.01.29 08:19:04.688,0.71347,0.71376,1.00,2.32
2015.01.29 08:19:05.378,0.71348,0.71375,1.00,1.17
2015.01.29 08:19:05.479,0.71348,0.71375,1.00,1.10
2015.01.29 08:19:05.630,0.71349,0.7137,1.00,1.00
2015.01.29 08:19:06.387,0.71349,0.71375,1.00,1.10
2015.01.29 08:19:07.814,0.71349,0.7137,1.00,1.00
2015.01.29 08:19:08.147,0.71351,0.71381,1.00,1.15
2015.01.29 08:19:08.268,0.71351,0.71375,1.00,1.00
