2010.09.10 10:00:02.735,0.94635,0.9467,1.60,1.60
2010.09.10 10:00:05.204,0.94635,0.94675,1.60,1.80
2010.09.10 10:00:06.035,0.9463,0.9467,2.50,1.60
2010.09.10 10:00:06.166,0.94635,0.94675,1.70,1.60
2010.09.10 10:00:06.297,0.9464,0.9468,1.00,9.60
2010.09.10 10:00:06.426,0.9464,0.94685,2.60,10.00
2010.09.10 10:00:06.556,0.94645,0.94685,1.60,10.00
2010.09.10 10:00:06.675,0.94645,0.94685,1.60,9.60
2010.09.10 10:00:06.915,0.94645,0.94685,1.60,8.00
2010.09.10 10:00:07.156,0.94645,0.94685,1.60,8.00
2010.09.10 10:00:08.717,0.94645,0.94685,1.70,8.00
2010.09.10 10:00:10.045,0.94645,0.94685,1.70,8.20
2010.09.10 10:00:10.165,0.94645,0.9468,1.00,1.80
2010.09.10 10:00:10.456,0.9464,0.9468,1.70,1.80
2010.09.10 10:00:10.567,0.9464,0.9468,1.00,1.80
2010.09.10 10:00:10.615,0.9464,0.9468,1.70,1.80
2010.09.10 10:00:10.774,0.9464,0.9468,1.00,1.80
2010.09.10 10:00:12.085,0.9464,0.9468,4.10,1.80
2010.09.10 10:00:16.756,0.9464,0.9468,8.10,1.60
2010.09.10 10:00:16.847,0.94645,0.9468,1.00,1.60
2010.09.10 10:00:17.312,0.9465,0.9468,1.00,1.60
2010.09.10 10:00:17.403,0.94655,0.9469,1.60,1.60
2010.09.10 10:00:17.926,0.94655,0.9469,1.70,1.60
2010.09.10 10:00:18.607,0.94655,0.9469,1.60,1.60
2010.09.10 10:00:20.866,0.94655,0.9469,1.60,1.60
2010.09.10 10:00:21.205,0.94655,0.9469,1.60,1.60
2010.09.10 10:00:22.806,0.94655,0.9469,1.60,1.60
2010.09.10 10:00:23.070,0.94665,0.947,1.60,1.60
2010.09.10 10:00:23.126,0.94665,0.94705,1.60,2.10
2010.09.10 10:00:23.645,0.94665,0.94705,1.60,2.00
2010.09.10 10:00:25.125,0.94665,0.94705,1.60,2.00
2010.09.10 10:00:25.517,0.94665,0.94705,1.70,2.00
2010.09.10 10:00:25.695,0.94665,0.94705,1.60,2.00
2010.09.10 10:00:26.101,0.94665,0.9471,1.60,1.60
2010.09.10 10:00:26.278,0.94665,0.9471,1.60,1.00
2010.09.10 10:00:26.446,0.94665,0.9471,9.60,1.00
2010.09.10 10:00:26.616,0.9467,0.94715,2.50,3.70
2010.09.10 10:00:28.510,0.94665,0.9471,1.70,4.10
2010.09.10 10:00:29.617,0.94665,0.947,1.00,1.60
2010.09.10 10:00:29.877,0.94665,0.947,1.00,4.00
2010.09.10 10:00:30.126,0.9466,0.947,1.00,4.00
2010.09.10 10:00:30.376,0.94655,0.947,9.60,4.00
2010.09.10 10:00:30.919,0.9466,0.947,2.40,1.60
2010.09.10 10:00:31.177,0.9466,0.947,2.40,1.60
2010.09.10 10:00:31.696,0.9466,0.947,2.40,1.60
2010.09.10 10:00:33.227,0.9466,0.947,2.50,1.60
2010.09.10 10:00:33.364,0.9466,0.947,1.00,4.00
2010.09.10 10:00:33.604,0.9466,0.947,2.50,1.60
2010.09.10 10:00:35.126,0.9466,0.947,2.40,1.60
2010.09.10 10:00:35.296,0.94665,0.947,1.00,1.60
2010.09.10 10:00:35.785,0.94665,0.947,1.00,1.60
2010.09.10 10:00:35.966,0.9466,0.947,2.40,1.60
2010.09.10 10:00:38.015,0.94665,0.947,1.00,1.60
2010.09.10 10:00:38.066,0.9466,0.947,2.50,1.60
2010.09.10 10:00:38.576,0.9466,0.947,2.40,1.60
2010.09.10 10:00:38.899,0.9466,0.947,2.50,1.60
2010.09.10 10:00:39.536,0.9466,0.947,2.50,1.70
2010.09.10 10:00:40.123,0.94665,0.947,1.00,1.60
2010.09.10 10:00:40.436,0.94665,0.947,1.00,1.60
2010.09.10 10:00:41.766,0.9466,0.947,2.40,1.60
2010.09.10 10:00:44.605,0.94665,0.947,1.00,1.60
2010.09.10 10:00:48.104,0.9466,0.947,2.50,1.70
2010.09.10 10:00:48.525,0.9466,0.947,1.00,1.70
2010.09.10 10:00:48.676,0.9466,0.9469,1.00,1.60
2010.09.10 10:00:49.768,0.94665,0.9469,1.00,1.60
2010.09.10 10:00:49.878,0.9466,0.9469,1.00,1.60
2010.09.10 10:00:50.519,0.94665,0.947,1.00,2.00
2010.09.10 10:00:50.969,0.9466,0.947,1.00,4.00
2010.09.10 10:00:51.957,0.9466,0.947,1.00,1.60
2010.09.10 10:00:53.426,0.94665,0.947,1.00,1.60
2010.09.10 10:00:54.106,0.9466,0.947,1.00,1.60
2010.09.10 10:00:54.295,0.9466,0.947,4.50,1.60
2010.09.10 10:00:54.557,0.94665,0.947,1.00,1.60
2010.09.10 10:00:55.162,0.9466,0.947,2.40,1.60
2010.09.10 10:00:55.626,0.9466,0.947,2.50,1.60
2010.09.10 10:00:56.706,0.94665,0.947,1.00,1.60
2010.09.10 10:00:56.906,0.9466,0.947,1.00,1.60
2010.09.10 10:00:58.087,0.94665,0.947,1.00,1.60
2010.09.10 10:00:58.576,0.94655,0.947,1.70,4.10
2010.09.10 10:00:58.944,0.94655,0.947,5.70,4.10
2010.09.10 10:00:59.290,0.9466,0.947,1.00,4.00
2010.09.10 10:00:59.627,0.9466,0.947,1.00,4.10
2010.09.10 10:01:00.811,0.9466,0.947,1.00,4.00
2010.09.10 10:01:01.429,0.9466,0.947,1.00,1.60
2010.09.10 10:01:02.108,0.94665,0.947,1.00,1.60
2010.09.10 10:01:02.377,0.94665,0.947,1.60,1.60
2010.09.10 10:01:02.897,0.9467,0.947,1.00,1.60
2010.09.10 10:01:03.171,0.9467,0.947,1.00,1.60
2010.09.10 10:01:03.420,0.94665,0.94695,1.00,1.60
2010.09.10 10:01:03.988,0.94665,0.94695,1.00,1.80
2010.09.10 10:01:04.270,0.94655,0.94685,1.00,1.60
2010.09.10 10:01:04.547,0.94655,0.94695,1.00,2.20
2010.09.10 10:01:05.637,0.94655,0.94695,1.00,2.30
2010.09.10 10:01:06.658,0.9466,0.94695,1.00,2.20
2010.09.10 10:01:06.826,0.94655,0.94695,1.00,2.20
2010.09.10 10:01:08.977,0.94655,0.94695,1.00,2.30
2010.09.10 10:01:09.938,0.94655,0.94695,1.00,2.20
2010.09.10 10:01:10.445,0.9465,0.9469,10.40,1.00
2010.09.10 10:01:10.658,0.9465,0.94695,10.40,2.20
2010.09.10 10:01:10.755,0.9465,0.9469,10.50,1.00
2010.09.10 10:01:11.089,0.9465,0.9469,6.50,1.00
2010.09.10 10:01:12.775,0.94655,0.94695,1.00,2.30
2010.09.10 10:01:17.599,0.94655,0.94695,1.00,2.10
2010.09.10 10:01:20.286,0.9465,0.94695,6.50,2.10
2010.09.10 10:01:20.456,0.9465,0.94695,10.50,2.10
2010.09.10 10:01:21.435,0.94655,0.94695,1.00,2.00
2010.09.10 10:01:22.155,0.94655,0.94695,1.00,1.60
2010.09.10 10:01:23.235,0.94655,0.94695,1.00,2.40
2010.09.10 10:01:23.455,0.94655,0.94685,1.00,1.60
2010.09.10 10:01:24.148,0.9465,0.9469,1.00,4.10
2010.09.10 10:01:24.266,0.94655,0.9469,1.00,4.00
2010.09.10 10:01:24.567,0.9465,0.94685,1.00,1.60
2010.09.10 10:01:25.237,0.94655,0.94685,1.00,1.60
2010.09.10 10:01:26.025,0.9465,0.94685,2.40,1.60
2010.09.10 10:01:26.151,0.9465,0.9469,2.40,1.60
2010.09.10 10:01:26.245,0.94655,0.9469,1.00,1.60
2010.09.10 10:01:26.596,0.94655,0.9469,1.00,4.00
2010.09.10 10:01:27.113,0.94655,0.9469,1.00,1.60
2010.09.10 10:01:27.378,0.94655,0.94685,1.00,1.60
2010.09.10 10:01:28.776,0.9465,0.94685,1.00,1.60
2010.09.10 10:01:28.986,0.9465,0.9469,1.00,8.00
2010.09.10 10:01:29.197,0.9465,0.94695,2.50,9.70
2010.09.10 10:01:29.711,0.94655,0.94695,1.70,5.60
2010.09.10 10:01:29.997,0.94655,0.94695,1.70,1.60
2010.09.10 10:01:30.566,0.94655,0.9469,1.60,1.60
2010.09.10 10:01:30.859,0.9466,0.9469,2.40,1.60
2010.09.10 10:01:31.312,0.9466,0.947,4.00,3.20
2010.09.10 10:01:31.541,0.9467,0.94705,4.00,9.60
2010.09.10 10:01:31.758,0.94665,0.947,1.60,1.60
2010.09.10 10:01:32.439,0.94665,0.947,1.60,1.60
2010.09.10 10:01:34.147,0.9467,0.947,1.00,1.60
2010.09.10 10:01:35.256,0.94665,0.947,1.60,1.60
2010.09.10 10:01:35.694,0.9467,0.947,1.00,1.60
2010.09.10 10:01:35.880,0.94665,0.947,1.60,1.60
2010.09.10 10:01:36.378,0.94665,0.947,1.70,1.60
2010.09.10 10:01:37.725,0.9467,0.947,1.00,1.60
2010.09.10 10:01:39.823,0.9467,0.94695,1.00,1.60
2010.09.10 10:01:39.957,0.94665,0.94695,1.00,1.60
2010.09.10 10:01:40.407,0.9466,0.94695,4.70,1.60
2010.09.10 10:01:40.696,0.94665,0.947,1.60,1.60
2010.09.10 10:01:40.976,0.9467,0.947,2.40,1.60
2010.09.10 10:01:41.256,0.9467,0.94705,4.00,1.70
2010.09.10 10:01:42.776,0.94675,0.94705,1.00,1.60
2010.09.10 10:01:42.885,0.94675,0.94705,1.00,1.60
2010.09.10 10:01:43.106,0.9468,0.94715,4.00,1.70
2010.09.10 10:01:43.326,0.9468,0.94715,4.00,1.60
2010.09.10 10:01:43.725,0.94685,0.94725,1.00,5.60
2010.09.10 10:01:44.050,0.94685,0.94725,1.00,1.60
2010.09.10 10:01:44.259,0.9468,0.94715,4.00,1.60
2010.09.10 10:01:45.095,0.94685,0.94715,1.00,1.60
2010.09.10 10:01:45.497,0.9468,0.94715,4.10,1.60
2010.09.10 10:01:46.237,0.9468,0.94715,4.00,1.60
2010.09.10 10:01:46.466,0.94685,0.94715,1.00,1.60
2010.09.10 10:01:46.916,0.9468,0.94715,4.00,1.60
2010.09.10 10:01:47.879,0.9468,0.94715,4.00,1.60
2010.09.10 10:01:48.106,0.94675,0.94705,1.00,1.60
2010.09.10 10:01:48.337,0.9467,0.94705,5.80,1.60
2010.09.10 10:01:48.566,0.94665,0.947,1.00,1.60
2010.09.10 10:01:49.111,0.9466,0.9469,2.60,1.60
2010.09.10 10:01:49.288,0.9466,0.947,1.00,4.00
2010.09.10 10:01:49.766,0.94655,0.947,3.80,4.00
2010.09.10 10:01:50.428,0.94655,0.947,3.30,4.20
2010.09.10 10:01:50.737,0.94655,0.94695,1.70,1.60
2010.09.10 10:01:51.236,0.94655,0.94695,1.60,1.60
2010.09.10 10:01:51.816,0.94655,0.947,1.70,4.30
2010.09.10 10:01:52.625,0.9466,0.947,1.00,4.30
2010.09.10 10:01:53.827,0.9466,0.947,1.00,4.20
2010.09.10 10:01:54.058,0.94655,0.94695,1.70,1.00
2010.09.10 10:01:54.517,0.9466,0.947,1.00,4.20
2010.09.10 10:01:55.068,0.9466,0.947,4.00,4.20
2010.09.10 10:01:56.385,0.9466,0.947,4.00,4.20
2010.09.10 10:01:57.447,0.9466,0.94695,4.00,1.00
2010.09.10 10:01:58.767,0.9466,0.947,4.10,4.30
2010.09.10 10:01:59.306,0.9466,0.94695,4.00,1.00
2010.09.10 10:02:00.845,0.9466,0.94695,4.00,1.70
2010.09.10 10:02:01.335,0.9466,0.94695,4.10,1.60
2010.09.10 10:02:01.515,0.9466,0.94695,4.00,1.60
2010.09.10 10:02:02.475,0.9466,0.94695,4.00,1.00
2010.09.10 10:02:02.555,0.9466,0.94695,4.00,1.60
2010.09.10 10:02:02.715,0.9466,0.94695,4.00,1.00
2010.09.10 10:02:03.226,0.94655,0.94695,9.60,1.00
2010.09.10 10:02:03.765,0.94655,0.94695,5.60,1.00
2010.09.10 10:02:04.055,0.94655,0.94695,1.60,1.00
2010.09.10 10:02:07.446,0.9466,0.947,1.00,4.30
2010.09.10 10:02:07.596,0.94655,0.94695,1.60,1.00
2010.09.10 10:02:07.870,0.94655,0.94695,1.60,1.00
2010.09.10 10:02:08.303,0.94655,0.9469,1.60,2.50
2010.09.10 10:02:08.628,0.94655,0.9469,1.00,1.60
2010.09.10 10:02:12.270,0.9465,0.9468,4.00,1.60
2010.09.10 10:02:12.449,0.94645,0.9468,1.60,1.60
2010.09.10 10:02:12.626,0.94645,0.9468,1.70,1.60
2010.09.10 10:02:14.835,0.94645,0.9468,1.60,1.60
2010.09.10 10:02:14.995,0.94645,0.9468,1.70,1.60
2010.09.10 10:02:16.817,0.94645,0.9468,1.60,1.60
2010.09.10 10:02:17.086,0.94645,0.9468,1.60,1.60
2010.09.10 10:02:17.916,0.9465,0.9468,1.00,1.60
2010.09.10 10:02:18.596,0.9465,0.9469,1.00,1.60
2010.09.10 10:02:19.080,0.94645,0.94685,1.60,1.00
2010.09.10 10:02:19.327,0.9465,0.9468,1.00,1.60
2010.09.10 10:02:19.536,0.9465,0.9468,1.00,1.60
2010.09.10 10:02:21.216,0.94645,0.9468,1.70,1.60
2010.09.10 10:02:21.515,0.9465,0.9468,1.00,1.60
2010.09.10 10:02:21.765,0.94645,0.9468,1.70,1.60
2010.09.10 10:02:22.875,0.9465,0.9468,1.00,1.60
2010.09.10 10:02:25.785,0.9465,0.9468,1.00,1.60
2010.09.10 10:02:26.085,0.9465,0.9468,1.00,1.60
2010.09.10 10:02:26.256,0.9465,0.9468,1.00,1.60
2010.09.10 10:02:26.426,0.9465,0.9468,1.00,1.60
2010.09.10 10:02:26.882,0.9465,0.9468,1.00,1.60
2010.09.10 10:02:27.775,0.9465,0.9468,1.00,1.60
2010.09.10 10:02:29.626,0.94655,0.9468,4.00,1.60
2010.09.10 10:02:31.479,0.9465,0.9468,8.10,1.60
2010.09.10 10:02:31.927,0.9465,0.9468,8.00,1.60
2010.09.10 10:02:32.732,0.94645,0.9468,13.60,1.60
2010.09.10 10:02:32.856,0.9465,0.9468,4.00,1.60
2010.09.10 10:02:34.158,0.94645,0.9468,1.70,1.60
2010.09.10 10:02:34.416,0.94645,0.9468,9.60,1.60
2010.09.10 10:02:34.675,0.94645,0.9468,9.70,1.60
2010.09.10 10:02:34.925,0.94645,0.9468,9.60,1.60
2010.09.10 10:02:35.175,0.94645,0.9468,9.60,1.60
2010.09.10 10:02:35.587,0.94645,0.9468,9.60,1.60
2010.09.10 10:02:36.403,0.94645,0.9468,5.60,1.60
2010.09.10 10:02:36.568,0.94645,0.9468,1.60,1.60
2010.09.10 10:02:41.685,0.94645,0.9468,1.90,1.60
2010.09.10 10:02:42.175,0.94645,0.9468,6.10,1.60
2010.09.10 10:02:42.328,0.94645,0.9468,2.10,1.60
2010.09.10 10:02:44.316,0.94645,0.9468,2.30,1.60
2010.09.10 10:02:44.438,0.94645,0.9468,1.90,1.60
2010.09.10 10:02:44.821,0.94645,0.9468,4.10,4.00
2010.09.10 10:02:44.850,0.94645,0.9468,4.00,1.60
2010.09.10 10:02:44.949,0.94635,0.9468,10.10,1.60
2010.09.10 10:02:45.487,0.94635,0.9467,1.70,1.60
2010.09.10 10:02:46.801,0.94635,0.9467,1.00,1.60
2010.09.10 10:02:47.117,0.94635,0.9467,1.00,4.00
2010.09.10 10:02:47.440,0.9464,0.9467,1.00,4.00
2010.09.10 10:02:47.606,0.9464,0.9467,1.00,1.60
2010.09.10 10:02:48.314,0.9464,0.9467,1.00,4.00
2010.09.10 10:02:48.490,0.94635,0.9467,1.00,4.20
2010.09.10 10:02:48.707,0.94635,0.9467,1.00,4.00
2010.09.10 10:02:48.926,0.94635,0.9467,1.00,1.60
2010.09.10 10:02:49.147,0.94635,0.94675,1.00,3.20
2010.09.10 10:02:49.536,0.94635,0.94675,1.00,1.60
2010.09.10 10:02:49.756,0.9464,0.94675,1.00,1.60
2010.09.10 10:02:50.098,0.94635,0.94675,1.00,1.60
2010.09.10 10:02:50.778,0.94645,0.94675,1.00,1.60
2010.09.10 10:02:51.240,0.94645,0.9468,1.00,4.60
2010.09.10 10:02:51.409,0.9464,0.9468,1.00,4.70
2010.09.10 10:02:52.664,0.94645,0.9468,1.00,4.70
2010.09.10 10:02:52.956,0.94645,0.9468,1.00,4.60
2010.09.10 10:02:53.247,0.94645,0.94685,1.00,6.00
2010.09.10 10:02:54.113,0.9465,0.94685,1.00,2.00
2010.09.10 10:02:54.308,0.9465,0.94685,1.00,1.60
2010.09.10 10:02:56.537,0.9465,0.9468,1.00,1.60
2010.09.10 10:02:56.737,0.94645,0.9468,1.00,1.60
2010.09.10 10:02:59.546,0.94645,0.9468,1.00,2.60
2010.09.10 10:02:59.987,0.9464,0.9468,1.00,1.60
2010.09.10 10:03:00.166,0.9464,0.9468,4.10,1.60
2010.09.10 10:03:00.527,0.94645,0.9468,1.00,1.60
2010.09.10 10:03:00.708,0.94645,0.9468,1.60,1.60
2010.09.10 10:03:00.892,0.9465,0.94685,2.40,1.60
2010.09.10 10:03:01.427,0.94645,0.94685,10.30,1.60
2010.09.10 10:03:01.757,0.9465,0.94685,1.00,1.60
2010.09.10 10:03:02.085,0.9465,0.94685,1.00,1.60
2010.09.10 10:03:02.957,0.94645,0.94685,9.60,1.70
2010.09.10 10:03:03.296,0.9464,0.94685,10.50,1.70
2010.09.10 10:03:04.073,0.94645,0.94685,1.00,1.60
2010.09.10 10:03:04.287,0.9464,0.94685,6.50,1.00
2010.09.10 10:03:04.506,0.9464,0.9468,4.10,4.00
2010.09.10 10:03:05.117,0.9464,0.9468,1.00,4.00
2010.09.10 10:03:05.372,0.94635,0.9468,5.70,4.30
2010.09.10 10:03:05.657,0.94635,0.9468,1.00,4.30
2010.09.10 10:03:06.237,0.9464,0.9468,1.00,4.20
2010.09.10 10:03:07.129,0.9464,0.9468,1.00,4.20
2010.09.10 10:03:07.396,0.9464,0.9468,1.00,4.20
2010.09.10 10:03:07.907,0.9464,0.9468,1.00,4.20
2010.09.10 10:03:09.789,0.94645,0.9468,1.00,4.20
2010.09.10 10:03:10.066,0.9464,0.9468,1.00,4.20
2010.09.10 10:03:10.328,0.9463,0.9467,9.80,1.00
2010.09.10 10:03:10.919,0.94635,0.9467,1.00,1.00
2010.09.10 10:03:12.072,0.9463,0.9467,1.00,1.00
2010.09.10 10:03:12.435,0.94635,0.94675,1.60,1.00
2010.09.10 10:03:12.589,0.9463,0.94675,10.70,1.00
2010.09.10 10:03:13.200,0.94635,0.94675,1.80,1.00
2010.09.10 10:03:13.665,0.94635,0.94675,1.80,1.00
2010.09.10 10:03:15.605,0.94635,0.9467,1.80,1.00
2010.09.10 10:03:16.082,0.94635,0.94675,1.60,1.00
2010.09.10 10:03:16.333,0.9463,0.94665,1.00,1.60
2010.09.10 10:03:16.579,0.94625,0.94665,1.70,1.70
2010.09.10 10:03:16.829,0.94625,0.94665,1.90,1.70
2010.09.10 10:03:17.530,0.94635,0.94675,1.60,1.60
2010.09.10 10:03:17.866,0.94635,0.94675,1.60,1.60
2010.09.10 10:03:18.539,0.94645,0.94685,1.60,1.90
2010.09.10 10:03:18.858,0.94635,0.94675,11.20,1.60
2010.09.10 10:03:19.228,0.9464,0.94675,4.00,1.60
2010.09.10 10:03:19.571,0.9464,0.94675,4.00,1.60
2010.09.10 10:03:20.422,0.9464,0.94675,4.10,1.60
2010.09.10 10:03:20.764,0.9465,0.94685,2.40,1.60
2010.09.10 10:03:21.385,0.9465,0.94685,2.50,1.60
2010.09.10 10:03:22.830,0.9465,0.94695,1.00,3.30
2010.09.10 10:03:23.331,0.94655,0.94695,1.80,1.70
2010.09.10 10:03:23.527,0.94655,0.94695,1.80,1.60
2010.09.10 10:03:24.810,0.9466,0.94705,2.60,11.60
2010.09.10 10:03:25.059,0.9466,0.94705,2.60,5.70
2010.09.10 10:03:25.886,0.9466,0.94705,2.70,5.70
2010.09.10 10:03:26.851,0.9465,0.9469,6.40,4.00
2010.09.10 10:03:27.170,0.94645,0.9469,1.80,4.00
2010.09.10 10:03:27.729,0.9464,0.9469,6.30,12.20
2010.09.10 10:03:27.988,0.9464,0.9469,4.70,12.30
2010.09.10 10:03:28.587,0.9464,0.9468,2.20,2.40
2010.09.10 10:03:29.358,0.9464,0.9468,2.30,2.40
2010.09.10 10:03:29.631,0.94655,0.9468,1.00,2.40
2010.09.10 10:03:29.899,0.94655,0.9469,1.60,8.00
2010.09.10 10:03:30.500,0.9465,0.9469,1.60,4.00
2010.09.10 10:03:30.828,0.94645,0.9468,4.00,4.00
2010.09.10 10:03:31.151,0.9464,0.9468,1.00,2.40
2010.09.10 10:03:33.899,0.9464,0.9468,1.00,2.40
2010.09.10 10:03:33.946,0.94635,0.9468,1.00,2.40
2010.09.10 10:03:35.839,0.94635,0.94675,1.00,1.00
2010.09.10 10:03:36.147,0.9464,0.94675,1.00,1.00
2010.09.10 10:03:36.296,0.9464,0.94675,2.60,1.00
2010.09.10 10:03:36.448,0.9464,0.9468,2.60,1.00
2010.09.10 10:03:37.026,0.9464,0.94685,2.70,1.00
2010.09.10 10:03:37.369,0.9464,0.9468,2.40,1.90
2010.09.10 10:03:37.708,0.9463,0.9468,6.30,12.30
2010.09.10 10:03:38.496,0.9463,0.94675,6.20,1.00
2010.09.10 10:03:38.995,0.9463,0.9468,6.30,12.30
2010.09.10 10:03:39.245,0.9463,0.94675,6.20,1.00
2010.09.10 10:03:39.956,0.9463,0.9467,3.80,2.40
2010.09.10 10:03:40.486,0.94635,0.9467,1.00,2.40
2010.09.10 10:03:40.706,0.94635,0.94675,1.00,1.00
2010.09.10 10:03:41.287,0.94635,0.9468,1.00,2.40
2010.09.10 10:03:41.555,0.94635,0.9468,1.00,2.40
2010.09.10 10:03:42.337,0.9464,0.9468,1.00,2.40
2010.09.10 10:03:43.365,0.9464,0.9468,1.00,2.50
2010.09.10 10:03:44.065,0.9464,0.9468,1.00,2.40
2010.09.10 10:03:44.736,0.9464,0.9468,1.00,2.50
2010.09.10 10:03:44.976,0.9464,0.9468,1.00,2.40
2010.09.10 10:03:46.445,0.9464,0.9468,1.00,2.50
2010.09.10 10:03:47.054,0.9464,0.9468,1.00,2.40
2010.09.10 10:03:47.248,0.9464,0.9468,1.00,2.40
2010.09.10 10:03:47.625,0.9464,0.9468,1.00,2.50
2010.09.10 10:03:47.818,0.94635,0.94675,5.60,1.00
2010.09.10 10:03:48.172,0.94635,0.9467,4.00,1.60
2010.09.10 10:03:48.467,0.9463,0.9467,1.60,2.40
2010.09.10 10:03:48.767,0.9463,0.9468,4.10,12.70
2010.09.10 10:03:49.726,0.9463,0.94675,4.10,1.00
2010.09.10 10:03:50.668,0.94635,0.94675,1.00,1.00
2010.09.10 10:03:51.006,0.9463,0.94675,4.10,1.00
2010.09.10 10:03:51.585,0.94635,0.94675,1.00,1.00
2010.09.10 10:03:52.017,0.94635,0.94675,1.00,1.00
2010.09.10 10:03:52.237,0.9463,0.9467,1.60,2.40
2010.09.10 10:03:53.116,0.94635,0.9467,1.00,2.40
2010.09.10 10:03:54.158,0.94635,0.9467,1.00,2.40
2010.09.10 10:03:54.266,0.9463,0.9467,1.00,2.40
2010.09.10 10:03:54.377,0.94635,0.9467,1.00,2.40
2010.09.10 10:03:54.485,0.94635,0.9468,1.00,12.60
2010.09.10 10:03:56.174,0.9463,0.94675,1.00,1.00
2010.09.10 10:03:56.358,0.9463,0.9467,1.00,1.00
2010.09.10 10:03:57.746,0.94635,0.9467,1.00,1.00
2010.09.10 10:03:58.665,0.9463,0.9467,1.00,1.00
2010.09.10 10:04:00.596,0.94635,0.94675,1.00,1.00
2010.09.10 10:04:01.656,0.9463,0.9467,2.50,1.00
2010.09.10 10:04:06.506,0.9463,0.9467,1.00,4.50
2010.09.10 10:04:07.728,0.9463,0.94665,1.00,1.00
2010.09.10 10:04:08.719,0.94625,0.94665,1.60,1.00
2010.09.10 10:04:11.427,0.9463,0.94665,1.00,1.00
2010.09.10 10:04:12.405,0.94625,0.94665,1.60,1.00
2010.09.10 10:04:12.615,0.94625,0.94665,1.70,1.00
2010.09.10 10:04:13.485,0.94625,0.9466,1.60,1.00
2010.09.10 10:04:13.665,0.94625,0.94665,1.60,1.00
2010.09.10 10:04:13.846,0.94625,0.9466,1.60,1.00
2010.09.10 10:04:14.027,0.94625,0.94665,1.60,1.00
2010.09.10 10:04:14.206,0.94625,0.94665,1.60,1.00
2010.09.10 10:04:14.541,0.9462,0.94665,5.70,1.00
2010.09.10 10:04:14.648,0.94625,0.94665,1.70,1.00
2010.09.10 10:04:14.756,0.94625,0.94665,1.60,1.00
2010.09.10 10:04:14.869,0.94625,0.94665,1.60,1.00
2010.09.10 10:04:15.440,0.9462,0.9466,1.70,1.60
2010.09.10 10:04:16.676,0.94625,0.9466,1.00,1.60
2010.09.10 10:04:18.393,0.9462,0.9466,1.60,1.60
2010.09.10 10:04:18.893,0.94625,0.9466,1.00,1.60
2010.09.10 10:04:19.108,0.9462,0.9466,1.60,1.60
2010.09.10 10:04:19.365,0.94625,0.9466,1.00,1.60
2010.09.10 10:04:21.145,0.9462,0.9466,1.60,1.60
2010.09.10 10:04:22.308,0.94625,0.9466,1.00,1.60
2010.09.10 10:04:22.595,0.9462,0.9466,1.70,1.60
2010.09.10 10:04:22.685,0.9462,0.9466,1.60,1.60
2010.09.10 10:04:22.866,0.9462,0.9466,1.70,1.70
2010.09.10 10:04:23.227,0.9462,0.9466,1.60,1.60
2010.09.10 10:04:23.330,0.9462,0.94655,1.60,1.60
2010.09.10 10:04:23.426,0.9462,0.94655,1.60,1.70
2010.09.10 10:04:23.945,0.9462,0.94655,1.60,1.60
2010.09.10 10:04:24.938,0.9462,0.94655,1.60,1.60
2010.09.10 10:04:25.605,0.9462,0.94655,1.60,1.60
2010.09.10 10:04:27.355,0.9462,0.94655,1.60,1.60
2010.09.10 10:04:27.766,0.9462,0.94655,1.60,1.60
2010.09.10 10:04:28.066,0.9462,0.94655,1.70,1.70
2010.09.10 10:04:28.456,0.9462,0.94655,1.60,1.70
2010.09.10 10:04:29.076,0.9462,0.94655,1.70,1.60
2010.09.10 10:04:29.416,0.9462,0.94655,1.60,1.70
2010.09.10 10:04:29.759,0.9462,0.94655,1.60,1.60
2010.09.10 10:04:30.097,0.9462,0.9466,4.00,1.00
2010.09.10 10:04:30.607,0.9462,0.9466,1.60,2.40
2010.09.10 10:04:30.844,0.9462,0.9466,1.70,2.50
2010.09.10 10:04:31.068,0.9462,0.9466,1.60,2.50
2010.09.10 10:04:31.737,0.94625,0.94665,1.00,2.00
2010.09.10 10:04:32.078,0.94625,0.94665,1.00,2.20
2010.09.10 10:04:33.338,0.9462,0.94655,4.10,1.00
2010.09.10 10:04:33.597,0.9462,0.9466,4.00,1.00
2010.09.10 10:04:33.857,0.9462,0.9466,1.60,2.40
2010.09.10 10:04:34.217,0.9462,0.9466,1.60,2.40
2010.09.10 10:04:34.510,0.9462,0.94665,9.70,2.00
2010.09.10 10:04:35.356,0.9462,0.94665,5.70,2.00
2010.09.10 10:04:35.816,0.94625,0.94665,1.00,2.00
2010.09.10 10:04:36.617,0.94625,0.9466,1.00,2.40
2010.09.10 10:04:37.644,0.94625,0.9466,1.00,2.40
2010.09.10 10:04:38.546,0.94625,0.9466,1.00,2.40
2010.09.10 10:04:39.029,0.94625,0.94655,1.00,1.60
2010.09.10 10:04:39.349,0.94625,0.94655,1.00,1.60
2010.09.10 10:04:39.668,0.9462,0.94655,1.60,1.60
2010.09.10 10:04:40.149,0.9462,0.9466,1.60,1.00
2010.09.10 10:04:40.286,0.9462,0.94655,1.60,1.60
2010.09.10 10:04:40.416,0.9462,0.94655,5.60,1.60
2010.09.10 10:04:40.676,0.9462,0.94655,5.80,1.60
2010.09.10 10:04:41.062,0.94625,0.9466,1.60,1.00
2010.09.10 10:04:41.418,0.94625,0.9466,5.60,1.60
2010.09.10 10:04:41.760,0.94625,0.94665,5.60,1.60
2010.09.10 10:04:42.098,0.94625,0.94665,5.60,1.60
2010.09.10 10:04:42.438,0.9463,0.94665,1.60,1.60
2010.09.10 10:04:43.118,0.9463,0.94665,1.60,1.60
2010.09.10 10:04:43.300,0.9463,0.94665,1.60,1.60
2010.09.10 10:04:44.516,0.9463,0.94665,1.60,1.60
2010.09.10 10:04:44.802,0.9463,0.94665,1.00,1.60
2010.09.10 10:04:50.609,0.9463,0.94665,1.00,1.70
2010.09.10 10:04:52.295,0.94635,0.94665,1.00,1.60
2010.09.10 10:04:52.416,0.9463,0.94665,1.00,1.60
2010.09.10 10:04:52.536,0.94635,0.94665,1.00,1.60
2010.09.10 10:04:52.666,0.94635,0.9467,1.00,2.00
2010.09.10 10:04:52.785,0.94635,0.9467,1.00,1.60
2010.09.10 10:05:00.758,0.94635,0.94675,1.00,1.00
2010.09.10 10:05:00.826,0.9463,0.94675,10.70,1.00
2010.09.10 10:05:00.967,0.94635,0.94675,1.60,1.70
2010.09.10 10:05:01.606,0.9463,0.9467,1.00,1.60
2010.09.10 10:05:01.959,0.94635,0.9468,1.80,14.00
2010.09.10 10:05:02.398,0.94635,0.9468,1.80,4.00
2010.09.10 10:05:03.147,0.94635,0.9468,1.80,4.00
2010.09.10 10:05:03.806,0.94635,0.94675,1.90,1.00
2010.09.10 10:05:04.908,0.9464,0.94685,2.50,3.90
2010.09.10 10:05:05.967,0.9464,0.9468,2.40,1.00
2010.09.10 10:05:07.198,0.9464,0.9468,2.40,1.00
2010.09.10 10:05:09.926,0.94635,0.9468,1.00,5.10
2010.09.10 10:05:10.055,0.94635,0.9468,1.00,9.10
2010.09.10 10:05:11.476,0.9463,0.94675,7.00,1.00
2010.09.10 10:05:12.825,0.94635,0.94675,1.00,1.00
2010.09.10 10:05:20.294,0.9463,0.9467,7.10,1.00
2010.09.10 10:05:20.394,0.9463,0.9467,6.70,1.00
2010.09.10 10:05:20.710,0.9463,0.9467,4.30,2.50
2010.09.10 10:05:20.761,0.9463,0.94675,6.40,1.00
2010.09.10 10:05:20.848,0.9463,0.94675,2.40,1.00
2010.09.10 10:05:22.059,0.9463,0.9467,6.50,1.00
2010.09.10 10:05:24.856,0.94635,0.94675,1.00,1.00
2010.09.10 10:05:35.689,0.9464,0.94675,1.00,1.00
2010.09.10 10:05:35.826,0.94635,0.94675,1.00,1.00
2010.09.10 10:05:35.885,0.94635,0.9468,1.00,10.10
2010.09.10 10:05:35.946,0.94635,0.9468,1.00,8.50
2010.09.10 10:05:36.005,0.94635,0.9468,1.00,8.40
2010.09.10 10:05:36.066,0.94635,0.9468,1.60,8.40
2010.09.10 10:05:36.126,0.94635,0.9468,1.60,4.40
2010.09.10 10:05:36.536,0.9464,0.9468,2.40,1.00
2010.09.10 10:05:36.797,0.9464,0.94685,2.50,1.00
2010.09.10 10:05:37.585,0.9464,0.9468,2.50,1.70
2010.09.10 10:05:45.526,0.9464,0.9468,1.00,4.10
2010.09.10 10:05:48.466,0.94635,0.94675,1.70,1.00
2010.09.10 10:05:48.567,0.94635,0.94675,1.00,1.00
2010.09.10 10:05:51.346,0.9464,0.9468,1.00,4.00
2010.09.10 10:05:51.556,0.94635,0.94675,1.00,1.00
2010.09.10 10:05:52.487,0.9464,0.9468,1.00,4.00
2010.09.10 10:05:52.827,0.9464,0.9468,1.00,4.10
2010.09.10 10:05:53.596,0.94635,0.94675,1.00,1.00
2010.09.10 10:05:54.139,0.94635,0.9468,1.00,4.10
2010.09.10 10:05:54.417,0.9464,0.9468,1.00,4.10
2010.09.10 10:05:56.566,0.94635,0.9468,9.60,4.00
2010.09.10 10:05:56.614,0.94635,0.9468,8.00,4.00
2010.09.10 10:05:56.655,0.94635,0.9468,9.60,4.00
2010.09.10 10:05:56.805,0.94635,0.9468,5.60,4.00
2010.09.10 10:05:56.845,0.94635,0.9468,1.60,4.00
2010.09.10 10:05:57.375,0.9464,0.9468,1.00,4.00
2010.09.10 10:06:00.879,0.9463,0.9467,8.50,4.00
2010.09.10 10:06:00.926,0.9463,0.9467,8.10,4.00
2010.09.10 10:06:01.026,0.9463,0.9467,1.00,4.00
2010.09.10 10:06:02.516,0.9463,0.9467,1.00,4.10
2010.09.10 10:06:03.206,0.9463,0.9467,1.00,4.00
2010.09.10 10:06:03.585,0.9463,0.9467,1.00,4.00
2010.09.10 10:06:03.677,0.9463,0.9468,10.70,4.50
2010.09.10 10:06:04.316,0.94635,0.9468,1.00,4.50
2010.09.10 10:06:05.886,0.9464,0.9468,1.00,4.40
2010.09.10 10:06:08.058,0.9464,0.9468,2.40,2.00
2010.09.10 10:06:09.087,0.9464,0.9468,2.50,2.10
2010.09.10 10:06:09.366,0.94645,0.9468,1.00,2.00
2010.09.10 10:06:11.568,0.94645,0.9468,1.00,2.00
2010.09.10 10:06:11.967,0.94645,0.9468,1.00,1.60
2010.09.10 10:06:12.167,0.9465,0.94675,1.00,1.60
2010.09.10 10:06:12.757,0.94645,0.9468,1.60,1.60
2010.09.10 10:06:13.039,0.94645,0.9468,1.00,4.40
2010.09.10 10:06:13.318,0.9464,0.9468,1.00,4.40
2010.09.10 10:06:13.955,0.9464,0.9468,1.00,4.40
2010.09.10 10:06:14.256,0.9464,0.9468,1.00,4.40
2010.09.10 10:06:14.556,0.9464,0.9468,1.00,4.40
2010.09.10 10:06:18.027,0.9464,0.9468,1.00,2.80
2010.09.10 10:06:21.055,0.9464,0.9468,1.00,4.40
2010.09.10 10:06:22.905,0.94635,0.94675,1.00,1.00
2010.09.10 10:06:22.968,0.94635,0.94675,1.00,1.00
2010.09.10 10:06:24.039,0.94635,0.94675,1.00,1.00
2010.09.10 10:06:24.166,0.94635,0.94675,1.60,2.00
2010.09.10 10:06:24.672,0.94635,0.94675,1.60,1.00
2010.09.10 10:06:24.809,0.94635,0.94675,1.00,1.00
2010.09.10 10:06:25.377,0.94635,0.94675,1.00,2.00
2010.09.10 10:06:27.085,0.94635,0.94675,1.00,2.10
2010.09.10 10:06:28.221,0.94635,0.94675,1.00,1.00
2010.09.10 10:06:31.695,0.94635,0.94675,1.00,1.00
2010.09.10 10:06:38.658,0.9463,0.94675,2.70,1.00
2010.09.10 10:06:39.277,0.94635,0.94675,1.00,1.00
2010.09.10 10:06:40.089,0.9464,0.9468,1.00,14.00
2010.09.10 10:06:40.546,0.94635,0.94675,1.00,1.00
2010.09.10 10:06:41.936,0.94635,0.9467,1.00,1.60
2010.09.10 10:06:43.396,0.94635,0.94675,1.00,1.00
2010.09.10 10:06:43.636,0.9464,0.9468,1.00,6.30
2010.09.10 10:06:44.110,0.9464,0.9468,1.00,6.20
2010.09.10 10:06:44.212,0.9464,0.9468,2.50,3.20
2010.09.10 10:06:44.537,0.94645,0.9468,1.00,1.60
2010.09.10 10:06:44.866,0.94645,0.94675,1.00,1.60
2010.09.10 10:06:45.199,0.9463,0.9467,2.50,1.60
2010.09.10 10:06:45.533,0.9463,0.9467,2.40,1.60
2010.09.10 10:06:46.761,0.9463,0.9467,2.40,1.60
2010.09.10 10:06:47.766,0.9463,0.9467,2.40,1.60
2010.09.10 10:06:48.536,0.9463,0.9467,1.00,4.00
2010.09.10 10:06:48.695,0.9463,0.9467,1.00,4.10
2010.09.10 10:06:51.510,0.9463,0.9467,2.50,1.70
2010.09.10 10:07:01.287,0.9463,0.9467,2.40,1.70
2010.09.10 10:07:01.606,0.9463,0.9467,2.50,1.70
2010.09.10 10:07:01.766,0.94635,0.9467,1.00,1.60
2010.09.10 10:07:02.785,0.9463,0.9467,2.40,1.60
2010.09.10 10:07:05.341,0.9463,0.9467,2.40,1.70
2010.09.10 10:07:05.458,0.9463,0.9467,2.50,1.70
2010.09.10 10:07:06.131,0.9463,0.9467,1.00,4.10
2010.09.10 10:07:06.807,0.94625,0.94665,5.70,1.00
2010.09.10 10:07:07.138,0.94625,0.9466,1.70,1.60
2010.09.10 10:07:07.786,0.94625,0.9466,1.60,1.60
2010.09.10 10:07:08.816,0.94625,0.9466,1.60,1.60
2010.09.10 10:07:09.394,0.94625,0.9466,1.60,1.60
2010.09.10 10:07:10.216,0.94625,0.9466,1.60,1.60
2010.09.10 10:07:10.576,0.94625,0.9466,1.70,1.60
2010.09.10 10:07:12.018,0.94625,0.9466,1.60,1.60
2010.09.10 10:07:12.966,0.94625,0.9466,1.70,1.60
2010.09.10 10:07:14.015,0.94625,0.9466,1.60,1.60
2010.09.10 10:07:14.415,0.94625,0.9466,1.70,1.60
2010.09.10 10:07:14.865,0.94625,0.9466,1.60,1.70
2010.09.10 10:07:17.400,0.94625,0.9466,1.70,1.60
2010.09.10 10:07:19.765,0.94625,0.94665,1.90,1.00
2010.09.10 10:07:26.375,0.94625,0.9466,1.80,1.00
2010.09.10 10:07:32.025,0.94625,0.9467,1.80,8.40
2010.09.10 10:07:32.065,0.9463,0.9467,1.00,8.40
2010.09.10 10:07:32.147,0.94625,0.9467,1.60,8.40
2010.09.10 10:07:32.186,0.94625,0.9467,5.60,4.40
2010.09.10 10:07:32.713,0.94635,0.94665,1.60,1.00
2010.09.10 10:07:33.061,0.9463,0.9467,1.60,4.50
2010.09.10 10:07:34.756,0.9463,0.94665,1.60,1.00
2010.09.10 10:07:35.926,0.9462,0.94665,12.10,1.00
2010.09.10 10:07:36.026,0.9462,0.94665,8.10,1.00
2010.09.10 10:07:36.075,0.9462,0.94665,4.10,1.00
2010.09.10 10:07:36.126,0.9462,0.9466,4.00,1.00
2010.09.10 10:07:37.599,0.9462,0.9466,4.10,1.00
2010.09.10 10:07:39.195,0.9462,0.94665,4.00,1.00
2010.09.10 10:07:40.231,0.9462,0.9466,4.10,1.00
2010.09.10 10:07:41.186,0.9462,0.94665,4.00,1.00
2010.09.10 10:07:41.889,0.9462,0.9466,4.00,1.00
2010.09.10 10:07:46.616,0.9462,0.9466,8.20,1.00
2010.09.10 10:07:46.958,0.94625,0.94665,1.60,1.00
2010.09.10 10:07:48.307,0.94635,0.94665,1.60,1.00
2010.09.10 10:07:48.919,0.94635,0.94665,1.60,1.00
2010.09.10 10:07:55.344,0.94625,0.9467,10.20,2.40
2010.09.10 10:07:55.806,0.94625,0.94665,10.20,1.00
2010.09.10 10:07:56.401,0.94625,0.9467,10.20,2.40
2010.09.10 10:07:56.698,0.94625,0.94665,10.30,1.00
2010.09.10 10:08:00.346,0.94625,0.9467,10.20,2.40
2010.09.10 10:08:00.548,0.9463,0.9467,1.00,2.40
2010.09.10 10:08:00.738,0.94635,0.9467,1.60,2.40
2010.09.10 10:08:00.928,0.94635,0.94675,5.60,1.00
2010.09.10 10:08:01.119,0.94635,0.94675,9.80,1.00
2010.09.10 10:08:01.308,0.94635,0.9468,9.90,4.50
2010.09.10 10:08:01.622,0.94635,0.9468,9.80,4.40
2010.09.10 10:08:01.808,0.94645,0.9469,9.80,2.80
2010.09.10 10:08:02.067,0.94645,0.94685,9.60,1.60
2010.09.10 10:08:02.577,0.94645,0.94685,1.80,1.00
2010.09.10 10:08:02.837,0.94645,0.94685,9.80,1.00
2010.09.10 10:08:03.988,0.94645,0.9469,9.80,2.80
2010.09.10 10:08:04.038,0.94645,0.9469,9.90,2.90
2010.09.10 10:08:04.107,0.94645,0.94685,9.80,1.00
2010.09.10 10:08:04.196,0.94645,0.94685,9.60,1.00
2010.09.10 10:08:04.318,0.94645,0.94685,8.00,1.80
2010.09.10 10:08:04.367,0.94645,0.9468,8.00,1.00
2010.09.10 10:08:04.606,0.9464,0.94685,8.00,1.90
2010.09.10 10:08:04.923,0.9464,0.9468,8.00,2.40
2010.09.10 10:08:05.208,0.94635,0.94675,8.00,1.00
2010.09.10 10:08:05.497,0.9463,0.94675,12.60,1.00
2010.09.10 10:08:05.788,0.9464,0.9468,1.00,2.50
2010.09.10 10:08:06.119,0.9464,0.9468,8.20,2.50
2010.09.10 10:08:06.339,0.9464,0.94685,10.60,1.00
2010.09.10 10:08:06.775,0.9464,0.9468,10.60,1.00
2010.09.10 10:08:07.735,0.94645,0.9468,4.00,1.00
2010.09.10 10:08:11.056,0.94645,0.9468,4.00,2.50
2010.09.10 10:08:11.216,0.94645,0.9468,4.00,4.10
2010.09.10 10:08:11.377,0.9464,0.9468,8.10,4.10
2010.09.10 10:08:11.889,0.9464,0.9468,4.10,4.10
2010.09.10 10:08:12.626,0.9464,0.94675,4.00,1.00
2010.09.10 10:08:13.956,0.9464,0.94675,1.00,1.00
2010.09.10 10:08:14.436,0.94635,0.9468,9.70,4.10
2010.09.10 10:08:14.596,0.94635,0.94675,9.70,1.00
2010.09.10 10:08:14.996,0.94635,0.9468,9.70,4.10
2010.09.10 10:08:15.936,0.94635,0.94675,9.70,1.00
2010.09.10 10:08:16.266,0.9464,0.9468,1.00,4.00
2010.09.10 10:08:16.346,0.94635,0.94675,9.70,1.00
2010.09.10 10:08:16.506,0.9464,0.9468,1.00,4.10
2010.09.10 10:08:17.068,0.94635,0.9467,5.60,1.00
2010.09.10 10:08:17.398,0.94635,0.94655,1.60,1.00
2010.09.10 10:08:17.728,0.9461,0.9465,1.00,5.60
2010.09.10 10:08:17.877,0.9461,0.9465,1.00,1.60
2010.09.10 10:08:18.177,0.9461,0.9465,1.00,1.60
2010.09.10 10:08:18.972,0.9461,0.9465,1.00,1.60
2010.09.10 10:08:19.137,0.9461,0.9465,1.00,4.00
2010.09.10 10:08:19.307,0.9461,0.9465,1.00,8.00
2010.09.10 10:08:19.477,0.9461,0.9465,1.00,8.10
2010.09.10 10:08:20.156,0.94605,0.94645,9.90,1.00
2010.09.10 10:08:20.907,0.9461,0.9465,1.00,4.00
2010.09.10 10:08:21.016,0.9461,0.9465,1.00,1.60
2010.09.10 10:08:21.346,0.9461,0.94645,1.00,1.00
2010.09.10 10:08:22.827,0.9461,0.94645,1.00,1.70
2010.09.10 10:08:24.209,0.9461,0.94645,1.00,1.60
2010.09.10 10:08:24.526,0.9461,0.9465,1.00,2.40
2010.09.10 10:08:25.016,0.9461,0.9465,1.00,2.40
2010.09.10 10:08:25.217,0.9461,0.9465,8.20,2.40
2010.09.10 10:08:25.616,0.9461,0.9465,8.00,2.40
2010.09.10 10:08:25.817,0.9461,0.9465,8.00,1.60
2010.09.10 10:08:25.906,0.9461,0.9465,8.00,4.00
2010.09.10 10:08:26.461,0.9461,0.9465,4.10,4.10
2010.09.10 10:08:26.735,0.9461,0.9465,4.10,1.70
2010.09.10 10:08:27.077,0.9461,0.9465,4.10,4.10
2010.09.10 10:08:27.978,0.9461,0.94645,4.00,1.00
2010.09.10 10:08:28.629,0.9461,0.9465,4.10,4.10
2010.09.10 10:08:28.957,0.9461,0.9465,4.10,1.60
2010.09.10 10:08:29.314,0.9461,0.94655,4.30,1.00
2010.09.10 10:08:29.487,0.9461,0.94655,10.70,1.00
2010.09.10 10:08:29.836,0.9461,0.94655,6.70,1.00
2010.09.10 10:08:30.285,0.9461,0.94655,10.70,1.00
2010.09.10 10:08:30.565,0.94615,0.94655,1.00,1.00
2010.09.10 10:08:31.648,0.9461,0.9465,6.60,1.00
2010.09.10 10:08:31.735,0.9461,0.9465,6.60,1.60
2010.09.10 10:08:32.076,0.9461,0.9465,6.40,1.60
2010.09.10 10:08:32.217,0.9461,0.9465,4.00,1.60
2010.09.10 10:08:32.636,0.94615,0.9465,1.00,1.60
2010.09.10 10:08:33.211,0.94615,0.9465,1.00,1.60
2010.09.10 10:08:34.020,0.94615,0.94645,1.00,1.60
2010.09.10 10:08:34.092,0.9461,0.94645,1.00,1.60
2010.09.10 10:08:35.407,0.94605,0.94645,5.70,1.70
2010.09.10 10:08:35.886,0.94605,0.94645,9.70,1.70
2010.09.10 10:08:36.046,0.9461,0.94645,1.00,1.60
2010.09.10 10:08:37.522,0.94615,0.9465,1.60,2.40
2010.09.10 10:08:37.600,0.9461,0.94645,1.00,1.60
2010.09.10 10:08:38.989,0.9461,0.94645,1.00,1.60
2010.09.10 10:08:41.106,0.94605,0.94645,9.70,1.80
2010.09.10 10:08:41.267,0.9461,0.94645,1.00,1.80
2010.09.10 10:08:41.317,0.9461,0.9464,1.00,1.60
2010.09.10 10:08:41.751,0.9461,0.94645,1.00,1.60
2010.09.10 10:08:42.710,0.9461,0.94645,4.00,1.00
2010.09.10 10:08:42.966,0.94615,0.9465,1.00,1.60
2010.09.10 10:08:43.506,0.9461,0.94645,4.00,1.00
2010.09.10 10:08:44.317,0.9461,0.9465,4.00,1.60
2010.09.10 10:08:46.559,0.9461,0.94645,4.10,1.00
2010.09.10 10:08:46.968,0.9461,0.94645,1.00,1.00
2010.09.10 10:08:47.352,0.9461,0.94645,1.00,1.00
2010.09.10 10:08:47.661,0.94595,0.9463,2.60,1.00
2010.09.10 10:08:47.971,0.9459,0.9463,11.20,1.00
2010.09.10 10:08:48.652,0.9459,0.94625,1.60,1.00
2010.09.10 10:08:49.219,0.94585,0.94625,8.30,1.00
2010.09.10 10:08:49.507,0.94585,0.94625,8.10,1.90
2010.09.10 10:08:50.090,0.94585,0.9463,1.00,3.10
2010.09.10 10:08:50.338,0.9459,0.9463,4.00,1.00
2010.09.10 10:08:50.586,0.9459,0.9463,8.00,1.00
2010.09.10 10:08:50.838,0.94595,0.94635,1.00,1.00
2010.09.10 10:08:51.087,0.94595,0.94635,1.00,1.60
2010.09.10 10:08:51.720,0.94595,0.94635,1.00,1.00
2010.09.10 10:08:51.926,0.9459,0.9463,12.00,1.70
2010.09.10 10:08:52.136,0.9459,0.9463,8.00,1.70
2010.09.10 10:08:53.086,0.9459,0.9463,8.00,1.60
2010.09.10 10:08:54.536,0.9459,0.9463,4.00,1.60
2010.09.10 10:08:55.167,0.9459,0.9463,4.00,1.00
2010.09.10 10:08:55.399,0.946,0.9463,1.60,1.00
2010.09.10 10:08:56.078,0.946,0.9464,1.60,4.00
2010.09.10 10:08:56.264,0.946,0.9464,1.60,4.30
2010.09.10 10:08:56.448,0.94595,0.94635,1.70,1.60
2010.09.10 10:08:56.628,0.94595,0.94635,2.70,1.60
2010.09.10 10:08:56.807,0.946,0.9464,1.60,4.10
2010.09.10 10:08:57.558,0.946,0.94635,1.60,1.00
2010.09.10 10:08:57.896,0.946,0.9464,4.10,1.70
2010.09.10 10:08:58.576,0.946,0.94635,4.00,1.00
2010.09.10 10:08:59.527,0.946,0.9464,4.00,1.60
2010.09.10 10:09:00.420,0.946,0.9464,4.20,1.60
2010.09.10 10:09:00.697,0.946,0.9464,4.20,1.00
2010.09.10 10:09:01.739,0.946,0.94635,4.20,1.00
2010.09.10 10:09:03.396,0.946,0.9464,4.30,1.00
2010.09.10 10:09:05.020,0.946,0.94635,4.00,1.00
2010.09.10 10:09:05.156,0.946,0.9464,1.60,2.40
2010.09.10 10:09:05.226,0.946,0.9464,1.60,2.60
2010.09.10 10:09:05.298,0.94595,0.94635,9.60,1.60
2010.09.10 10:09:05.634,0.946,0.94635,1.60,1.60
2010.09.10 10:09:05.982,0.946,0.9464,4.00,1.70
2010.09.10 10:09:07.560,0.946,0.9464,4.10,1.70
2010.09.10 10:09:07.819,0.946,0.9464,4.00,1.70
2010.09.10 10:09:08.027,0.946,0.94635,4.00,1.00
2010.09.10 10:09:08.792,0.94595,0.9463,8.00,1.00
2010.09.10 10:09:09.129,0.9459,0.9463,8.00,1.00
2010.09.10 10:09:09.807,0.9459,0.9463,4.00,1.00
2010.09.10 10:09:10.787,0.9459,0.94625,4.00,1.00
2010.09.10 10:09:11.736,0.9459,0.9463,4.00,1.00
2010.09.10 10:09:14.341,0.9459,0.94625,4.00,1.00
2010.09.10 10:09:14.756,0.9459,0.9463,4.10,1.00
2010.09.10 10:09:17.160,0.9459,0.94625,4.00,1.00
2010.09.10 10:09:17.345,0.9459,0.94625,4.00,1.00
2010.09.10 10:09:17.746,0.9459,0.94625,1.60,1.00
2010.09.10 10:09:17.926,0.9459,0.9462,1.60,1.00
2010.09.10 10:09:18.455,0.9459,0.94625,1.60,1.00
2010.09.10 10:09:18.886,0.9459,0.9462,1.60,1.00
2010.09.10 10:09:22.698,0.9458,0.9462,4.20,1.60
2010.09.10 10:09:22.836,0.9458,0.94615,4.20,1.60
2010.09.10 10:09:22.976,0.9458,0.94625,4.20,1.60
2010.09.10 10:09:23.633,0.9458,0.94625,4.30,1.70
2010.09.10 10:09:23.979,0.94575,0.9462,1.00,1.00
2010.09.10 10:09:25.746,0.94575,0.94615,1.00,1.00
2010.09.10 10:09:26.237,0.9458,0.9462,1.00,1.00
2010.09.10 10:09:26.497,0.9458,0.9462,2.40,1.00
2010.09.10 10:09:26.857,0.9459,0.9462,1.60,1.00
2010.09.10 10:09:27.188,0.9459,0.9463,4.00,1.00
2010.09.10 10:09:27.857,0.9459,0.9463,4.10,1.00
2010.09.10 10:09:28.156,0.9459,0.94625,4.00,1.00
2010.09.10 10:09:28.628,0.9459,0.9462,4.00,1.00
2010.09.10 10:09:28.776,0.9459,0.94625,1.60,1.00
2010.09.10 10:09:29.306,0.9459,0.94625,1.60,1.00
2010.09.10 10:09:30.049,0.9459,0.9462,1.60,1.00
2010.09.10 10:09:30.432,0.9459,0.9462,1.60,1.00
2010.09.10 10:09:30.479,0.946,0.9463,1.60,1.00
2010.09.10 10:09:30.777,0.9459,0.9463,8.40,1.00
2010.09.10 10:09:31.220,0.9459,0.9463,4.40,1.00
2010.09.10 10:09:31.899,0.9459,0.9463,4.50,1.00
2010.09.10 10:09:34.526,0.9459,0.9463,8.50,1.00
2010.09.10 10:09:34.976,0.9459,0.94625,4.50,4.00
2010.09.10 10:09:35.127,0.9459,0.94625,2.00,4.10
2010.09.10 10:09:35.515,0.9459,0.94615,1.00,1.60
2010.09.10 10:09:35.670,0.94575,0.94615,1.00,1.60
2010.09.10 10:09:35.948,0.9457,0.94615,14.20,1.60
2010.09.10 10:09:36.227,0.9457,0.94615,10.20,1.60
2010.09.10 10:09:36.821,0.94575,0.94615,1.00,1.00
2010.09.10 10:09:37.716,0.94575,0.9461,1.00,1.00
2010.09.10 10:09:38.018,0.94575,0.94615,1.00,1.00
2010.09.10 10:09:38.938,0.94575,0.94615,1.00,1.00
2010.09.10 10:09:39.108,0.94575,0.94615,1.00,1.90
2010.09.10 10:09:39.278,0.9457,0.9461,2.90,1.00
2010.09.10 10:09:39.447,0.9457,0.9461,2.50,1.00
2010.09.10 10:09:39.618,0.9457,0.94605,2.50,1.60
2010.09.10 10:09:40.676,0.9457,0.94605,2.40,1.70
2010.09.10 10:09:40.947,0.9457,0.94605,2.40,1.60
2010.09.10 10:09:41.648,0.9456,0.94605,8.70,1.70
2010.09.10 10:09:42.046,0.94565,0.94605,1.00,1.70
2010.09.10 10:09:43.237,0.9457,0.94605,2.40,1.70
2010.09.10 10:09:43.577,0.94565,0.94605,1.00,1.70
2010.09.10 10:09:44.358,0.9457,0.94605,1.00,1.60
2010.09.10 10:09:44.774,0.9457,0.9461,1.00,2.50
2010.09.10 10:09:44.918,0.9457,0.9461,1.00,1.00
2010.09.10 10:09:45.056,0.9457,0.9461,1.00,1.00
2010.09.10 10:09:45.187,0.9456,0.946,12.60,1.00
2010.09.10 10:09:45.326,0.9456,0.946,12.40,1.00
2010.09.10 10:09:45.458,0.9456,0.946,1.60,2.60
2010.09.10 10:09:45.596,0.94555,0.946,1.60,4.20
2010.09.10 10:09:46.167,0.94555,0.9459,1.80,1.00
2010.09.10 10:09:46.436,0.94555,0.94595,1.80,1.00
2010.09.10 10:09:47.646,0.94555,0.9459,1.80,1.00
2010.09.10 10:09:48.499,0.94555,0.9459,1.80,1.00
2010.09.10 10:09:48.937,0.94555,0.9459,5.80,1.00
2010.09.10 10:09:49.056,0.94555,0.9459,9.80,1.00
2010.09.10 10:09:49.826,0.94555,0.94595,9.80,1.00
2010.09.10 10:09:50.368,0.9456,0.94595,2.40,1.00
2010.09.10 10:09:53.265,0.9456,0.946,2.50,1.00
2010.09.10 10:09:53.776,0.9456,0.94595,2.40,1.00
2010.09.10 10:09:54.346,0.9456,0.94595,2.50,1.00
2010.09.10 10:09:54.516,0.9456,0.946,2.50,1.00
2010.09.10 10:09:55.115,0.9456,0.946,2.40,1.00
2010.09.10 10:09:55.458,0.9456,0.946,4.00,1.00
2010.09.10 10:09:55.812,0.9456,0.946,8.00,1.00
2010.09.10 10:09:55.982,0.9458,0.9461,4.00,1.00
2010.09.10 10:09:56.160,0.9458,0.9462,4.40,1.00
2010.09.10 10:09:56.328,0.9458,0.9462,4.60,8.00
2010.09.10 10:09:56.669,0.9459,0.9463,4.00,8.10
2010.09.10 10:09:57.367,0.9459,0.9463,4.00,1.00
2010.09.10 10:09:57.706,0.9459,0.9463,4.00,1.00
2010.09.10 10:10:01.886,0.9459,0.94635,4.00,9.60
2010.09.10 10:10:02.057,0.94585,0.9463,1.00,1.00
2010.09.10 10:10:02.226,0.94585,0.9463,1.00,8.10
2010.09.10 10:10:02.790,0.94585,0.9463,4.50,1.00
2010.09.10 10:10:04.689,0.94585,0.94625,4.50,1.00
2010.09.10 10:10:11.152,0.94585,0.94625,4.10,1.00
2010.09.10 10:10:16.749,0.94585,0.94625,4.00,1.00
2010.09.10 10:10:16.817,0.94585,0.94625,4.00,1.00
2010.09.10 10:10:17.986,0.94585,0.94625,4.00,1.00
2010.09.10 10:10:19.805,0.94585,0.94625,1.00,1.00
2010.09.10 10:10:20.076,0.9458,0.94625,12.70,1.00
2010.09.10 10:10:26.650,0.94585,0.94625,1.00,1.00
2010.09.10 10:10:26.709,0.94585,0.94625,1.00,1.00
2010.09.10 10:10:28.067,0.9458,0.94625,12.50,1.00
2010.09.10 10:10:28.168,0.9458,0.94625,8.50,1.00
2010.09.10 10:10:28.226,0.9458,0.94625,8.50,1.70
2010.09.10 10:10:28.266,0.9458,0.94625,4.50,1.70
2010.09.10 10:10:29.257,0.9458,0.94625,4.10,1.70
2010.09.10 10:10:29.596,0.9458,0.9462,4.10,1.00
2010.09.10 10:10:29.766,0.9458,0.9462,4.00,1.00
2010.09.10 10:10:30.106,0.9458,0.94625,4.00,1.00
2010.09.10 10:10:30.276,0.9458,0.94625,12.00,1.00
2010.09.10 10:10:31.777,0.94585,0.94625,1.00,1.00
2010.09.10 10:10:33.846,0.9458,0.9462,12.10,1.00
2010.09.10 10:10:34.300,0.9458,0.94625,8.10,1.00
2010.09.10 10:10:34.435,0.9458,0.94625,12.10,1.00
2010.09.10 10:10:36.098,0.9458,0.9462,12.00,1.00
2010.09.10 10:10:38.669,0.94585,0.94625,1.00,1.00
2010.09.10 10:10:43.326,0.9458,0.9462,12.50,1.00
2010.09.10 10:10:49.048,0.9458,0.94625,12.50,1.00
2010.09.10 10:10:52.944,0.9458,0.94625,12.50,1.70
2010.09.10 10:10:53.146,0.9458,0.94625,8.50,1.70
2010.09.10 10:10:53.235,0.9458,0.94625,4.50,1.70
2010.09.10 10:10:53.927,0.94585,0.9462,1.00,1.00
2010.09.10 10:10:54.016,0.9458,0.9462,4.50,1.00
2010.09.10 10:10:55.816,0.9458,0.94615,4.40,1.00
2010.09.10 10:10:55.976,0.9458,0.94615,4.50,1.00
2010.09.10 10:10:56.136,0.9458,0.9462,4.40,1.00
2010.09.10 10:11:02.106,0.9458,0.9462,4.00,1.00
2010.09.10 10:11:03.426,0.9458,0.9462,4.00,1.00
2010.09.10 10:11:03.606,0.94585,0.9462,1.00,1.00
2010.09.10 10:11:04.747,0.9458,0.9462,4.00,1.00
2010.09.10 10:11:05.688,0.9458,0.94615,4.00,1.00
2010.09.10 10:11:05.985,0.9458,0.9462,4.10,1.00
2010.09.10 10:11:10.640,0.9458,0.94615,4.00,1.00
2010.09.10 10:11:16.028,0.9458,0.9462,4.00,1.00
2010.09.10 10:11:16.617,0.9458,0.94615,4.00,1.00
2010.09.10 10:11:19.968,0.9458,0.9462,4.00,1.00
2010.09.10 10:11:20.178,0.9458,0.94615,1.60,1.70
2010.09.10 10:11:20.568,0.9457,0.94605,1.60,1.60
2010.09.10 10:11:21.959,0.94565,0.94595,8.00,1.60
2010.09.10 10:11:22.208,0.94555,0.94595,9.60,1.60
2010.09.10 10:11:22.943,0.94555,0.94595,1.60,1.60
2010.09.10 10:11:23.261,0.94555,0.9459,1.60,1.00
2010.09.10 10:11:23.577,0.94555,0.9459,1.60,1.60
2010.09.10 10:11:23.898,0.94555,0.9459,1.60,1.00
2010.09.10 10:11:24.538,0.94555,0.94585,1.60,1.00
2010.09.10 10:11:26.406,0.94555,0.9459,1.60,1.00
2010.09.10 10:11:27.666,0.9456,0.94595,2.60,1.70
2010.09.10 10:11:27.847,0.94575,0.946,1.60,1.00
2010.09.10 10:11:30.581,0.94565,0.946,9.60,1.00
2010.09.10 10:11:30.831,0.94555,0.946,11.30,2.70
2010.09.10 10:11:31.016,0.94555,0.946,5.70,2.70
2010.09.10 10:11:32.036,0.94555,0.94595,5.70,1.00
2010.09.10 10:11:34.667,0.94555,0.94595,1.70,1.00
2010.09.10 10:11:34.838,0.94565,0.94595,1.60,1.00
2010.09.10 10:11:35.656,0.94565,0.94595,1.60,1.00
2010.09.10 10:11:42.759,0.94565,0.946,1.60,1.00
2010.09.10 10:11:43.337,0.9457,0.946,1.60,1.00
2010.09.10 10:11:43.897,0.94565,0.946,1.60,1.00
2010.09.10 10:11:45.606,0.94565,0.94595,1.60,1.00
2010.09.10 10:11:46.121,0.94565,0.94595,1.60,1.00
2010.09.10 10:11:47.169,0.9457,0.946,1.60,1.00
2010.09.10 10:11:47.656,0.9457,0.94595,1.60,1.00
2010.09.10 10:11:48.656,0.9457,0.94595,1.60,1.00
2010.09.10 10:11:50.847,0.9457,0.946,1.60,1.00
2010.09.10 10:11:54.573,0.9457,0.94605,1.60,1.60
2010.09.10 10:11:55.698,0.9457,0.946,1.60,1.00
2010.09.10 10:11:56.377,0.9457,0.94605,1.60,1.70
2010.09.10 10:11:56.867,0.9457,0.94605,1.60,1.60
2010.09.10 10:12:02.376,0.9457,0.946,1.60,1.00
2010.09.10 10:12:03.148,0.9458,0.94605,1.00,1.60
2010.09.10 10:12:03.493,0.9459,0.94625,1.60,1.70
2010.09.10 10:12:05.919,0.9459,0.94625,1.70,1.60
2010.09.10 10:12:06.402,0.9459,0.94625,4.10,1.60
2010.09.10 10:12:07.043,0.9459,0.94625,1.70,1.60
2010.09.10 10:12:08.049,0.9459,0.94625,1.60,1.60
2010.09.10 10:12:08.389,0.9459,0.94625,1.60,1.60
2010.09.10 10:12:10.046,0.9459,0.94625,1.60,1.60
2010.09.10 10:12:21.030,0.9459,0.9462,1.60,1.00
2010.09.10 10:12:22.936,0.9459,0.94625,1.60,1.60
2010.09.10 10:12:23.396,0.9459,0.94625,1.60,1.70
2010.09.10 10:12:27.194,0.9459,0.9462,1.60,1.00
2010.09.10 10:12:27.339,0.9459,0.94625,1.60,1.60
2010.09.10 10:12:28.227,0.9459,0.9462,1.60,1.00
2010.09.10 10:12:29.248,0.9458,0.9462,4.40,1.00
2010.09.10 10:12:30.359,0.9458,0.9462,4.00,1.60
2010.09.10 10:12:30.697,0.9458,0.94615,4.00,1.60
2010.09.10 10:12:32.000,0.9458,0.94615,4.10,1.70
2010.09.10 10:12:32.729,0.94585,0.94615,1.00,1.60
2010.09.10 10:12:33.239,0.9459,0.94615,2.40,1.60
2010.09.10 10:12:33.717,0.9458,0.94615,8.00,1.60
2010.09.10 10:12:33.921,0.9458,0.94615,4.20,1.60
2010.09.10 10:12:34.118,0.94585,0.94615,1.60,1.00
2010.09.10 10:12:35.126,0.9459,0.94615,1.60,1.00
2010.09.10 10:12:35.353,0.9459,0.9462,1.60,1.00
2010.09.10 10:12:35.870,0.9458,0.9462,4.00,1.00
2010.09.10 10:12:36.659,0.9459,0.9462,1.60,1.00
2010.09.10 10:12:37.337,0.9459,0.94625,1.60,1.70
2010.09.10 10:12:38.977,0.9459,0.9462,1.60,1.00
2010.09.10 10:12:39.788,0.9458,0.9462,4.00,9.60
2010.09.10 10:12:39.946,0.9458,0.9462,4.00,9.70
2010.09.10 10:12:40.288,0.9457,0.9461,4.10,8.00
2010.09.10 10:12:40.627,0.9457,0.9461,4.10,9.60
2010.09.10 10:12:41.308,0.94575,0.9461,1.00,9.60
2010.09.10 10:12:41.705,0.9457,0.9461,4.10,9.70
2010.09.10 10:12:42.987,0.9457,0.9461,4.10,5.70
2010.09.10 10:12:43.317,0.9457,0.94605,4.10,1.00
2010.09.10 10:12:48.787,0.9457,0.94605,4.00,1.00
2010.09.10 10:12:48.946,0.9457,0.94605,4.00,1.70
2010.09.10 10:12:49.027,0.9457,0.94605,1.60,1.70
2010.09.10 10:12:50.377,0.9457,0.946,1.60,1.00
2010.09.10 10:12:50.647,0.94565,0.946,1.60,4.30
2010.09.10 10:12:50.846,0.94565,0.94595,1.60,1.00
2010.09.10 10:12:51.605,0.94565,0.946,1.60,1.00
2010.09.10 10:12:52.906,0.94565,0.94595,1.60,1.00
2010.09.10 10:12:53.388,0.94565,0.946,1.60,1.00
2010.09.10 10:12:53.713,0.9457,0.94595,1.60,1.00
2010.09.10 10:12:54.040,0.94575,0.94595,1.60,1.00
2010.09.10 10:12:54.249,0.94565,0.946,1.60,1.00
2010.09.10 10:12:55.407,0.94565,0.94595,1.60,1.00
2010.09.10 10:13:00.050,0.94565,0.946,1.60,1.00
2010.09.10 10:13:00.327,0.94565,0.946,1.60,1.00
2010.09.10 10:13:00.407,0.94565,0.94605,1.70,1.70
2010.09.10 10:13:00.478,0.94575,0.94605,1.60,1.00
2010.09.10 10:13:01.056,0.94575,0.94605,1.60,1.00
2010.09.10 10:13:01.282,0.94575,0.9461,1.60,1.00
2010.09.10 10:13:01.727,0.94575,0.94605,1.60,1.00
2010.09.10 10:13:01.957,0.94575,0.9461,1.60,1.00
2010.09.10 10:13:02.407,0.94575,0.94605,1.60,1.00
2010.09.10 10:13:03.298,0.94575,0.9461,1.60,1.00
2010.09.10 10:13:04.147,0.94575,0.9461,1.60,1.00
2010.09.10 10:13:04.278,0.94575,0.9461,1.60,1.70
2010.09.10 10:13:04.406,0.94585,0.9461,1.60,1.00
2010.09.10 10:13:04.961,0.94575,0.9461,1.60,1.70
2010.09.10 10:13:05.247,0.94575,0.9461,1.60,1.60
2010.09.10 10:13:06.099,0.94575,0.9461,1.60,1.60
2010.09.10 10:13:06.778,0.94575,0.94605,1.60,1.00
2010.09.10 10:13:07.246,0.94575,0.9461,1.60,1.00
2010.09.10 10:13:12.586,0.9458,0.9461,1.00,1.00
2010.09.10 10:13:12.707,0.9459,0.9461,1.00,1.00
2010.09.10 10:13:12.958,0.946,0.9461,1.60,1.00
2010.09.10 10:13:13.599,0.94595,0.94625,4.00,1.60
2010.09.10 10:13:13.887,0.9459,0.94625,1.60,1.60
2010.09.10 10:13:15.149,0.9459,0.94625,1.70,1.60
2010.09.10 10:13:15.707,0.9459,0.94625,1.60,1.60
2010.09.10 10:13:16.080,0.9459,0.94625,1.60,1.60
2010.09.10 10:13:16.356,0.9459,0.94625,1.60,1.60
2010.09.10 10:13:17.576,0.9459,0.94625,1.60,1.60
2010.09.10 10:13:18.411,0.9459,0.94625,1.60,1.60
2010.09.10 10:13:19.097,0.9459,0.94625,1.60,1.60
2010.09.10 10:13:21.596,0.9459,0.9462,1.60,1.00
2010.09.10 10:13:21.787,0.9459,0.94625,1.60,1.70
2010.09.10 10:13:23.766,0.9459,0.94625,1.60,1.60
2010.09.10 10:13:24.790,0.9459,0.94625,1.60,1.60
2010.09.10 10:13:24.897,0.9459,0.94625,1.60,1.80
2010.09.10 10:13:25.008,0.9458,0.94625,12.50,1.90
2010.09.10 10:13:25.680,0.94585,0.94625,1.00,1.80
2010.09.10 10:13:26.020,0.9458,0.9462,4.50,1.00
2010.09.10 10:13:27.279,0.94585,0.94625,1.00,1.80
2010.09.10 10:13:27.529,0.94585,0.94625,1.00,1.90
2010.09.10 10:13:28.738,0.9459,0.94625,1.00,1.60
2010.09.10 10:13:29.076,0.9459,0.94625,1.70,1.60
2010.09.10 10:13:29.669,0.9459,0.94625,1.60,1.60
2010.09.10 10:13:30.278,0.9459,0.94625,1.70,1.60
2010.09.10 10:13:31.216,0.9459,0.94625,1.60,1.60
2010.09.10 10:13:31.716,0.9459,0.94625,1.70,1.60
2010.09.10 10:13:33.087,0.9459,0.94625,1.60,1.70
2010.09.10 10:13:34.267,0.9459,0.94625,1.60,1.60
2010.09.10 10:13:36.226,0.9459,0.94625,1.60,1.60
2010.09.10 10:13:36.697,0.9459,0.94625,1.60,1.60
2010.09.10 10:13:37.440,0.9459,0.9462,1.60,1.00
2010.09.10 10:13:38.457,0.9459,0.94625,1.60,1.60
2010.09.10 10:13:38.928,0.9459,0.9462,1.60,1.00
2010.09.10 10:13:39.430,0.9459,0.94625,1.60,1.70
2010.09.10 10:13:41.297,0.9459,0.94625,1.60,1.60
2010.09.10 10:13:51.318,0.9459,0.94625,9.80,1.60
2010.09.10 10:13:51.457,0.946,0.94635,1.60,1.60
2010.09.10 10:13:51.846,0.946,0.94635,1.60,1.70
2010.09.10 10:13:52.461,0.946,0.94635,1.60,1.60
2010.09.10 10:13:52.698,0.946,0.94635,1.60,1.70
2010.09.10 10:13:54.446,0.946,0.94635,1.60,1.60
2010.09.10 10:13:55.656,0.946,0.94635,1.60,1.60
2010.09.10 10:13:58.958,0.946,0.94635,1.70,1.70
2010.09.10 10:13:59.381,0.946,0.94635,1.60,1.60
2010.09.10 10:13:59.529,0.946,0.94635,1.60,1.60
2010.09.10 10:14:01.036,0.946,0.94635,1.60,1.60
2010.09.10 10:14:01.256,0.946,0.94635,1.70,1.60
2010.09.10 10:14:01.477,0.946,0.9464,4.10,1.70
2010.09.10 10:14:02.337,0.946,0.94635,1.70,1.60
2010.09.10 10:14:02.977,0.946,0.94635,1.60,1.60
2010.09.10 10:14:03.978,0.946,0.94635,1.60,1.60
2010.09.10 10:14:04.696,0.946,0.94635,1.60,1.60
2010.09.10 10:14:05.177,0.946,0.94635,1.80,1.60
2010.09.10 10:14:05.668,0.9461,0.94645,1.60,1.60
2010.09.10 10:14:06.707,0.9461,0.94645,1.60,1.70
2010.09.10 10:14:07.047,0.9461,0.94645,1.60,1.60
2010.09.10 10:14:07.938,0.9461,0.94645,1.60,1.60
2010.09.10 10:14:08.217,0.9461,0.9464,1.60,1.00
2010.09.10 10:14:09.999,0.9461,0.94645,1.60,1.60
2010.09.10 10:14:10.793,0.9461,0.9464,1.60,1.00
2010.09.10 10:14:11.037,0.9461,0.94645,1.60,1.60
2010.09.10 10:14:15.292,0.9461,0.94645,1.60,1.60
2010.09.10 10:14:15.706,0.9461,0.94645,1.60,1.60
2010.09.10 10:14:24.037,0.9461,0.94645,1.60,1.70
2010.09.10 10:14:24.186,0.9461,0.94645,1.60,1.60
2010.09.10 10:14:25.578,0.9461,0.9464,1.60,1.00
2010.09.10 10:14:26.288,0.9461,0.94645,1.60,1.60
2010.09.10 10:14:27.037,0.9461,0.94645,1.60,1.70
2010.09.10 10:14:27.856,0.9461,0.9464,1.60,1.00
2010.09.10 10:14:28.071,0.9461,0.9464,1.60,1.00
2010.09.10 10:14:28.248,0.946,0.94645,8.00,1.80
2010.09.10 10:14:28.919,0.946,0.9464,4.10,1.00
2010.09.10 10:14:29.097,0.946,0.9464,8.10,1.00
2010.09.10 10:14:29.277,0.946,0.9464,4.10,1.00
2010.09.10 10:14:30.867,0.946,0.9464,8.10,1.00
2010.09.10 10:14:32.468,0.9461,0.94645,1.00,1.80
2010.09.10 10:14:32.808,0.9461,0.94645,1.00,1.60
2010.09.10 10:14:32.957,0.9461,0.94645,1.60,1.80
2010.09.10 10:14:33.099,0.946,0.94645,12.10,1.90
2010.09.10 10:14:33.241,0.946,0.9464,1.60,2.60
2010.09.10 10:14:33.688,0.94595,0.9463,1.60,1.60
2010.09.10 10:14:34.029,0.9459,0.94625,1.60,1.60
2010.09.10 10:14:35.327,0.9459,0.94625,1.70,1.60
2010.09.10 10:14:36.507,0.9459,0.94625,1.60,1.60
2010.09.10 10:14:37.089,0.9459,0.94625,1.60,1.60
2010.09.10 10:14:37.454,0.9459,0.94625,4.00,1.60
2010.09.10 10:14:37.681,0.946,0.94625,1.00,1.60
2010.09.10 10:14:37.908,0.9461,0.94635,1.60,1.60
2010.09.10 10:14:38.247,0.9461,0.94645,1.60,1.60
2010.09.10 10:14:39.667,0.9461,0.94645,1.60,1.60
2010.09.10 10:14:40.789,0.9461,0.94645,1.60,1.60
2010.09.10 10:14:41.620,0.9461,0.94645,1.60,1.60
2010.09.10 10:14:41.907,0.9461,0.94645,1.70,1.60
2010.09.10 10:14:42.186,0.9461,0.94645,1.60,1.60
2010.09.10 10:14:42.820,0.9461,0.94645,1.70,1.70
2010.09.10 10:14:44.500,0.9461,0.94645,1.70,1.60
2010.09.10 10:14:44.650,0.9461,0.94645,4.10,1.60
2010.09.10 10:14:44.869,0.9462,0.9465,1.60,1.00
2010.09.10 10:14:45.087,0.94615,0.9465,1.60,1.00
2010.09.10 10:14:46.087,0.94615,0.9465,1.60,1.00
2010.09.10 10:14:46.546,0.94615,0.94645,1.60,1.00
2010.09.10 10:14:46.722,0.9461,0.9465,4.20,2.00
2010.09.10 10:14:46.828,0.9461,0.9465,4.30,2.10
2010.09.10 10:14:46.938,0.9461,0.9465,12.30,1.70
2010.09.10 10:14:47.048,0.9462,0.9465,1.60,1.00
2010.09.10 10:14:47.525,0.9462,0.9465,1.60,1.00
2010.09.10 10:14:47.633,0.9462,0.94655,4.00,1.60
2010.09.10 10:14:48.078,0.9462,0.94655,4.00,1.00
2010.09.10 10:14:48.793,0.9462,0.9466,4.20,2.10
2010.09.10 10:14:49.118,0.9462,0.9466,4.20,1.70
2010.09.10 10:14:50.297,0.9462,0.9466,4.30,1.70
2010.09.10 10:14:51.448,0.9462,0.9466,4.20,1.70
2010.09.10 10:14:51.873,0.9462,0.9466,4.00,1.70
2010.09.10 10:14:52.107,0.9462,0.9466,4.00,1.60
2010.09.10 10:14:53.181,0.9462,0.94655,4.00,1.00
2010.09.10 10:14:54.793,0.9462,0.9466,4.00,1.60
2010.09.10 10:14:55.468,0.9462,0.94655,1.60,1.00
2010.09.10 10:14:55.930,0.9462,0.94655,1.60,1.60
2010.09.10 10:14:56.846,0.9462,0.94655,1.60,1.70
2010.09.10 10:14:57.307,0.9462,0.9465,1.60,1.00
2010.09.10 10:14:58.257,0.9462,0.9465,1.60,1.00
2010.09.10 10:14:59.669,0.9462,0.9465,1.60,1.00
2010.09.10 10:15:02.117,0.94615,0.9465,1.60,1.00
2010.09.10 10:15:05.009,0.94625,0.94655,8.00,1.60
2010.09.10 10:15:05.672,0.9462,0.94655,1.60,1.60
2010.09.10 10:15:05.777,0.9462,0.94655,1.60,1.00
2010.09.10 10:15:06.317,0.9462,0.9466,1.90,1.00
2010.09.10 10:15:06.427,0.9463,0.9466,1.60,1.00
2010.09.10 10:15:06.866,0.9463,0.94655,1.60,1.00
2010.09.10 10:15:07.167,0.9463,0.9466,1.60,1.00
2010.09.10 10:15:08.887,0.9463,0.94655,1.60,1.00
2010.09.10 10:15:13.897,0.94625,0.94655,1.60,1.00
2010.09.10 10:15:13.977,0.94625,0.9466,1.60,1.00
2010.09.10 10:15:14.307,0.94625,0.94655,1.60,1.00
2010.09.10 10:15:14.387,0.94625,0.94655,1.60,1.00
2010.09.10 10:15:16.038,0.9462,0.9466,4.00,1.00
2010.09.10 10:15:16.327,0.9462,0.94655,4.00,1.00
2010.09.10 10:15:17.717,0.9462,0.9465,4.00,1.00
2010.09.10 10:15:19.736,0.9462,0.94655,4.00,1.00
2010.09.10 10:15:19.976,0.9462,0.9465,4.00,1.00
2010.09.10 10:15:20.219,0.9462,0.94655,4.00,1.00
2010.09.10 10:15:20.827,0.9462,0.9465,4.00,1.00
2010.09.10 10:15:21.007,0.9462,0.94655,4.00,1.00
2010.09.10 10:15:21.186,0.9462,0.9465,4.00,1.00
2010.09.10 10:15:24.097,0.9462,0.9465,4.20,1.00
2010.09.10 10:15:24.548,0.94625,0.94655,1.60,1.00
2010.09.10 10:15:24.677,0.9462,0.94655,4.00,1.00
2010.09.10 10:15:24.997,0.9462,0.9465,4.00,1.00
2010.09.10 10:15:32.977,0.9462,0.94655,4.00,1.00
2010.09.10 10:15:33.166,0.9462,0.9466,4.00,1.60
2010.09.10 10:15:33.854,0.9462,0.94655,4.00,1.00
2010.09.10 10:15:35.699,0.9462,0.9465,1.60,1.00
2010.09.10 10:15:35.911,0.9461,0.9465,2.40,1.00
2010.09.10 10:15:36.179,0.9461,0.94645,2.40,1.00
2010.09.10 10:15:36.677,0.9461,0.9465,2.40,1.00
2010.09.10 10:15:37.357,0.9461,0.9465,2.50,1.00
2010.09.10 10:15:37.698,0.94605,0.94645,5.90,1.00
2010.09.10 10:15:41.101,0.9462,0.9465,1.60,2.40
2010.09.10 10:15:41.170,0.9462,0.94655,1.60,1.00
2010.09.10 10:15:42.401,0.9462,0.9466,8.20,1.00
2010.09.10 10:15:42.700,0.9462,0.9466,8.20,1.00
2010.09.10 10:15:43.220,0.9462,0.9466,5.10,1.00
2010.09.10 10:15:43.560,0.94635,0.9467,1.60,1.70
2010.09.10 10:15:44.237,0.9463,0.9467,5.60,1.70
2010.09.10 10:15:44.437,0.9463,0.9467,1.60,1.70
2010.09.10 10:15:45.081,0.9463,0.94665,1.60,1.70
2010.09.10 10:15:45.677,0.9463,0.9466,1.60,1.00
2010.09.10 10:15:47.197,0.9463,0.94655,1.60,1.00
2010.09.10 10:15:48.161,0.9463,0.94655,1.60,1.00
2010.09.10 10:15:48.850,0.9462,0.94655,1.60,1.00
2010.09.10 10:15:50.617,0.9462,0.9465,1.60,1.00
2010.09.10 10:15:50.797,0.9462,0.9465,1.60,1.00
2010.09.10 10:15:52.953,0.94615,0.9465,1.00,1.00
2010.09.10 10:16:10.171,0.9461,0.9465,4.00,1.00
2010.09.10 10:16:10.289,0.9461,0.9465,4.00,1.00
2010.09.10 10:16:10.596,0.9461,0.94645,4.00,1.00
2010.09.10 10:16:12.422,0.9462,0.9465,1.60,1.00
2010.09.10 10:16:13.897,0.9461,0.9465,8.00,1.00
2010.09.10 10:16:14.257,0.9461,0.9465,4.00,1.00
2010.09.10 10:16:14.901,0.9461,0.9465,4.00,1.00
2010.09.10 10:16:15.490,0.9461,0.94645,1.60,1.00
2010.09.10 10:16:15.658,0.9461,0.9465,1.60,2.40
2010.09.10 10:16:15.829,0.9462,0.9465,1.60,1.00
2010.09.10 10:16:16.328,0.94615,0.9465,1.60,1.00
2010.09.10 10:16:16.917,0.94615,0.9465,1.60,1.00
2010.09.10 10:16:17.430,0.94615,0.94645,1.60,1.00
2010.09.10 10:16:18.010,0.94615,0.9464,1.60,1.00
2010.09.10 10:16:18.185,0.946,0.94625,2.40,1.60
2010.09.10 10:16:18.360,0.9459,0.94625,12.30,1.60
2010.09.10 10:16:18.531,0.946,0.94625,2.40,1.60
2010.09.10 10:16:18.870,0.946,0.94635,4.00,1.60
2010.09.10 10:16:19.213,0.946,0.94635,1.60,1.60
2010.09.10 10:16:19.563,0.946,0.94635,1.80,1.60
2010.09.10 10:16:19.769,0.946,0.9464,4.20,1.00
2010.09.10 10:16:20.379,0.946,0.9464,4.20,1.00
2010.09.10 10:16:20.840,0.946,0.94635,4.30,1.00
2010.09.10 10:16:21.846,0.946,0.94635,4.20,1.00
2010.09.10 10:16:21.907,0.946,0.94635,4.00,1.00
2010.09.10 10:16:22.003,0.946,0.94635,4.00,1.60
2010.09.10 10:16:22.068,0.946,0.94635,1.60,1.60
2010.09.10 10:16:23.127,0.946,0.94635,1.60,1.60
2010.09.10 10:16:23.377,0.946,0.9463,1.60,1.00
2010.09.10 10:16:24.848,0.946,0.94635,1.60,1.60
2010.09.10 10:16:27.589,0.94605,0.94635,1.00,1.60
2010.09.10 10:16:27.709,0.94615,0.94635,1.60,1.00
2010.09.10 10:16:27.748,0.94615,0.9464,1.60,1.00
2010.09.10 10:16:28.169,0.9462,0.9465,1.60,1.00
2010.09.10 10:16:30.848,0.9462,0.94655,1.60,1.70
2010.09.10 10:16:30.903,0.9462,0.94655,1.60,1.00
2010.09.10 10:16:31.134,0.9462,0.9466,1.80,4.00
2010.09.10 10:16:31.292,0.9462,0.9466,2.20,4.00
2010.09.10 10:16:31.350,0.94625,0.9466,1.60,2.40
2010.09.10 10:16:31.403,0.94625,0.9466,1.60,1.00
2010.09.10 10:16:31.838,0.9463,0.9466,1.60,1.00
2010.09.10 10:16:31.894,0.94625,0.9466,1.60,1.60
2010.09.10 10:16:33.323,0.94625,0.9466,1.60,1.70
2010.09.10 10:16:33.811,0.9463,0.9466,1.60,1.00
2010.09.10 10:16:35.023,0.9463,0.9466,1.60,1.00
2010.09.10 10:16:35.593,0.9463,0.9466,1.60,1.00
2010.09.10 10:16:35.763,0.94625,0.9466,1.60,1.00
2010.09.10 10:16:36.401,0.94625,0.9466,1.60,1.70
2010.09.10 10:16:36.725,0.94625,0.94655,1.60,1.00
2010.09.10 10:16:38.526,0.9463,0.9466,1.60,1.00
2010.09.10 10:16:40.733,0.9463,0.9466,1.60,1.00
2010.09.10 10:16:41.245,0.9463,0.94665,1.60,1.70
2010.09.10 10:16:41.603,0.9463,0.94665,4.00,1.70
2010.09.10 10:16:42.307,0.9463,0.94665,4.00,1.60
2010.09.10 10:16:42.645,0.9463,0.9466,4.00,1.00
2010.09.10 10:16:42.985,0.94635,0.94665,1.60,1.00
2010.09.10 10:16:43.334,0.94635,0.94665,1.60,1.00
2010.09.10 10:16:44.943,0.94635,0.9466,1.60,1.00
2010.09.10 10:16:45.614,0.94635,0.94665,1.60,1.00
2010.09.10 10:16:47.994,0.9464,0.94665,1.60,1.00
2010.09.10 10:16:48.448,0.9464,0.9467,1.60,1.00
2010.09.10 10:16:50.303,0.9464,0.9467,1.60,1.00
2010.09.10 10:16:50.376,0.9464,0.94665,1.60,1.00
2010.09.10 10:16:51.854,0.9464,0.9467,1.60,1.00
2010.09.10 10:16:52.474,0.94635,0.9467,1.60,1.00
2010.09.10 10:16:52.781,0.94635,0.94665,1.60,1.00
2010.09.10 10:16:53.085,0.94635,0.9466,1.60,1.00
2010.09.10 10:16:53.644,0.94635,0.9466,1.60,1.00
2010.09.10 10:16:56.244,0.94635,0.9467,1.60,1.00
2010.09.10 10:16:56.565,0.94635,0.94675,1.60,1.80
2010.09.10 10:16:56.704,0.9464,0.94675,1.60,1.60
2010.09.10 10:16:56.846,0.94645,0.9467,1.60,1.00
2010.09.10 10:16:57.296,0.94645,0.94675,1.60,1.00
2010.09.10 10:16:57.894,0.94645,0.9467,1.60,1.00
2010.09.10 10:16:58.546,0.9464,0.9467,1.60,1.00
2010.09.10 10:16:59.223,0.9464,0.9467,1.60,1.00
2010.09.10 10:17:05.714,0.9464,0.9467,1.60,1.00
2010.09.10 10:17:06.924,0.9464,0.9467,1.60,1.00
2010.09.10 10:17:07.603,0.94645,0.9467,1.60,1.00
2010.09.10 10:17:11.115,0.94645,0.9467,1.60,1.00
2010.09.10 10:17:11.144,0.94645,0.9467,1.60,1.00
2010.09.10 10:17:16.123,0.9464,0.9467,1.60,1.00
2010.09.10 10:17:16.184,0.9464,0.94675,1.60,1.60
2010.09.10 10:17:16.268,0.9464,0.94675,1.60,1.70
2010.09.10 10:17:16.386,0.9464,0.9467,1.60,1.00
2010.09.10 10:17:16.752,0.9463,0.9467,4.70,1.00
2010.09.10 10:17:16.805,0.9463,0.9467,4.40,1.00
2010.09.10 10:17:16.864,0.9463,0.94665,4.00,1.60
2010.09.10 10:17:16.912,0.9463,0.94665,1.60,1.60
2010.09.10 10:17:17.427,0.9463,0.94665,4.00,1.60
2010.09.10 10:17:17.765,0.9463,0.9467,4.00,1.00
2010.09.10 10:17:18.103,0.9463,0.94665,4.00,1.00
2010.09.10 10:17:19.214,0.9463,0.9467,4.00,1.00
2010.09.10 10:17:19.454,0.9463,0.94665,4.00,1.00
2010.09.10 10:17:27.263,0.9463,0.9467,4.00,1.00
2010.09.10 10:17:27.374,0.9463,0.9467,4.00,1.00
2010.09.10 10:17:28.726,0.9463,0.9467,4.00,1.00
2010.09.10 10:17:29.228,0.9463,0.94675,4.20,1.60
2010.09.10 10:17:29.437,0.9464,0.94675,1.60,1.60
2010.09.10 10:17:29.808,0.9464,0.94675,1.60,1.70
2010.09.10 10:17:35.968,0.9464,0.94675,1.60,1.60
2010.09.10 10:17:37.147,0.9464,0.94675,1.70,1.60
2010.09.10 10:17:38.593,0.9464,0.94675,1.60,1.60
2010.09.10 10:17:42.706,0.9464,0.94675,1.70,1.60
2010.09.10 10:17:51.052,0.9464,0.94675,1.70,2.40
2010.09.10 10:17:51.405,0.94635,0.9467,1.60,1.00
2010.09.10 10:17:51.443,0.94635,0.9467,1.60,3.00
2010.09.10 10:17:51.484,0.9463,0.94665,1.70,1.60
2010.09.10 10:17:51.523,0.9463,0.94665,1.60,1.60
2010.09.10 10:17:52.554,0.9463,0.94665,1.70,1.60
2010.09.10 10:17:59.902,0.9463,0.9467,1.70,2.70
2010.09.10 10:18:00.183,0.9463,0.9467,1.70,1.00
2010.09.10 10:18:00.714,0.9463,0.94675,1.60,1.80
2010.09.10 10:18:01.154,0.9463,0.94675,4.00,1.80
2010.09.10 10:18:02.769,0.94645,0.9468,1.60,5.60
2010.09.10 10:18:03.036,0.94645,0.9468,1.60,2.60
2010.09.10 10:18:03.304,0.9464,0.94675,1.60,1.60
2010.09.10 10:18:03.851,0.9464,0.94675,1.80,1.60
2010.09.10 10:18:04.157,0.9465,0.94685,1.60,1.60
2010.09.10 10:18:05.475,0.9465,0.94685,1.60,1.60
2010.09.10 10:18:06.494,0.9465,0.94685,1.60,1.70
2010.09.10 10:18:06.653,0.9464,0.9468,6.10,2.50
2010.09.10 10:18:07.202,0.9464,0.9468,2.20,2.40
2010.09.10 10:18:07.288,0.9464,0.94685,8.60,1.00
2010.09.10 10:18:08.635,0.9465,0.9469,1.00,4.20
2010.09.10 10:18:09.091,0.9465,0.94685,1.60,1.00
2010.09.10 10:18:09.485,0.9465,0.94685,1.60,1.00
2010.09.10 10:18:09.625,0.9464,0.94685,12.50,1.90
2010.09.10 10:18:09.823,0.9464,0.94685,2.10,1.90
2010.09.10 10:18:10.423,0.9464,0.94685,8.70,1.00
2010.09.10 10:18:10.762,0.9464,0.94685,12.70,1.00
2010.09.10 10:18:10.964,0.94645,0.94685,1.00,1.00
2010.09.10 10:18:16.613,0.94645,0.9469,1.10,4.10
2010.09.10 10:18:16.704,0.9465,0.9469,1.60,4.10
2010.09.10 10:18:17.875,0.9465,0.9469,1.60,4.00
2010.09.10 10:18:20.073,0.9465,0.94685,1.60,1.00
2010.09.10 10:18:20.493,0.94645,0.94685,8.50,1.00
2010.09.10 10:18:20.573,0.94645,0.94685,8.10,1.00
2010.09.10 10:18:20.833,0.94645,0.94685,1.00,1.00
2010.09.10 10:18:21.424,0.9464,0.9468,12.50,1.00
2010.09.10 10:18:21.515,0.9464,0.9468,2.10,2.50
2010.09.10 10:18:22.044,0.9464,0.9468,2.10,2.40
2010.09.10 10:18:22.884,0.9464,0.94675,2.00,1.00
2010.09.10 10:18:23.084,0.94635,0.94675,1.60,1.00
2010.09.10 10:18:23.553,0.94635,0.9468,1.60,2.40
2010.09.10 10:18:24.683,0.94635,0.94675,1.70,1.00
2010.09.10 10:18:24.793,0.94635,0.94675,1.60,1.00
2010.09.10 10:18:26.235,0.94635,0.94675,1.80,1.00
2010.09.10 10:18:26.295,0.94635,0.9468,1.90,2.50
2010.09.10 10:18:26.424,0.94635,0.9468,5.90,2.50
2010.09.10 10:18:26.835,0.94635,0.9468,9.80,2.40
2010.09.10 10:18:26.943,0.94635,0.9468,11.80,2.40
2010.09.10 10:18:28.603,0.9464,0.9468,1.00,2.50
2010.09.10 10:18:29.015,0.9464,0.9468,8.10,1.00
2010.09.10 10:18:29.346,0.9464,0.9468,12.10,1.00
2010.09.10 10:18:29.404,0.9464,0.9468,5.70,1.00
2010.09.10 10:18:36.778,0.9464,0.94675,5.60,1.00
2010.09.10 10:18:37.095,0.9464,0.94675,1.60,1.00
2010.09.10 10:18:37.413,0.94635,0.94675,3.70,1.00
2010.09.10 10:18:38.404,0.94635,0.9468,3.70,2.50
2010.09.10 10:18:38.604,0.94635,0.94675,3.70,1.00
2010.09.10 10:18:42.462,0.94635,0.94675,2.10,1.00
2010.09.10 10:18:44.203,0.94635,0.9467,2.00,1.00
2010.09.10 10:18:45.333,0.94635,0.94675,2.00,1.00
2010.09.10 10:18:49.723,0.9464,0.9468,1.00,2.40
2010.09.10 10:18:50.235,0.9464,0.94685,4.10,5.70
2010.09.10 10:18:50.323,0.9464,0.94685,4.10,1.70
2010.09.10 10:18:50.484,0.9464,0.9468,4.00,1.00
2010.09.10 10:18:50.665,0.9464,0.9468,4.00,1.00
2010.09.10 10:18:53.794,0.9464,0.9468,2.40,1.00
2010.09.10 10:18:58.803,0.9464,0.9468,1.00,2.40
2010.09.10 10:19:00.034,0.94635,0.94675,1.60,1.00
2010.09.10 10:19:01.784,0.94635,0.94675,1.60,1.60
2010.09.10 10:19:02.744,0.94635,0.9467,1.60,1.00
2010.09.10 10:19:03.084,0.94635,0.94675,1.60,1.60
2010.09.10 10:19:03.254,0.9464,0.94675,1.60,1.70
2010.09.10 10:19:08.825,0.9465,0.94675,1.60,1.00
2010.09.10 10:19:09.306,0.9464,0.94675,1.70,1.00
2010.09.10 10:19:09.544,0.9464,0.9467,1.60,1.00
2010.09.10 10:19:10.827,0.9464,0.94675,1.60,1.60
2010.09.10 10:19:14.521,0.9464,0.94675,1.70,1.70
2010.09.10 10:19:15.683,0.9464,0.94675,1.60,1.70
2010.09.10 10:19:16.633,0.9464,0.94675,1.60,1.60
2010.09.10 10:19:19.404,0.9464,0.94675,1.60,1.60
2010.09.10 10:19:19.868,0.94635,0.9468,1.70,1.00
2010.09.10 10:19:20.075,0.9464,0.94675,1.60,1.60
2010.09.10 10:19:20.710,0.9464,0.9468,1.60,12.00
2010.09.10 10:19:20.916,0.9464,0.9468,4.00,1.60
2010.09.10 10:19:21.255,0.9465,0.94685,1.60,5.60
2010.09.10 10:19:21.595,0.9465,0.94685,1.60,1.60
2010.09.10 10:19:22.194,0.9465,0.94685,1.60,1.70
2010.09.10 10:19:22.884,0.9465,0.94685,1.60,1.60
2010.09.10 10:19:23.113,0.9465,0.94685,1.60,1.70
2010.09.10 10:19:23.955,0.9465,0.9468,1.60,1.00
2010.09.10 10:19:24.674,0.9464,0.9468,6.10,2.50
2010.09.10 10:19:25.195,0.9464,0.9468,2.00,2.50
2010.09.10 10:19:25.873,0.9464,0.94685,4.50,1.90
2010.09.10 10:19:26.524,0.9464,0.9468,4.50,1.00
2010.09.10 10:19:26.865,0.9464,0.9468,2.00,2.50
2010.09.10 10:19:27.204,0.9464,0.94685,4.40,1.80
2010.09.10 10:19:27.373,0.9464,0.9468,4.40,1.00
2010.09.10 10:19:28.694,0.9464,0.9468,2.00,2.40
2010.09.10 10:19:29.033,0.9464,0.94675,2.00,1.00
2010.09.10 10:19:30.724,0.9464,0.9468,2.10,2.50
2010.09.10 10:19:31.074,0.9464,0.94675,2.00,1.00
2010.09.10 10:19:31.176,0.9464,0.94675,2.00,1.00
2010.09.10 10:19:31.443,0.9464,0.94675,1.60,1.00
2010.09.10 10:19:32.687,0.94635,0.94675,8.50,1.00
2010.09.10 10:19:32.855,0.94635,0.94675,1.00,1.00
2010.09.10 10:19:37.273,0.94635,0.94675,1.00,1.00
2010.09.10 10:19:37.503,0.9463,0.9467,13.70,1.00
2010.09.10 10:19:37.858,0.9463,0.9467,9.70,1.00
2010.09.10 10:19:37.968,0.9463,0.9467,4.00,1.00
2010.09.10 10:19:38.075,0.9463,0.94675,4.10,1.90
2010.09.10 10:19:38.518,0.94635,0.94675,1.00,1.80
2010.09.10 10:19:39.613,0.9463,0.9467,4.00,1.00
2010.09.10 10:19:43.993,0.94635,0.94675,1.00,1.80
2010.09.10 10:19:45.393,0.94635,0.94675,1.00,1.60
2010.09.10 10:19:45.730,0.94635,0.94675,1.00,1.80
2010.09.10 10:19:45.778,0.9463,0.9467,8.10,1.00
2010.09.10 10:19:45.903,0.9463,0.9467,4.10,1.00
2010.09.10 10:19:54.384,0.9463,0.94675,4.00,1.80
2010.09.10 10:19:54.751,0.94635,0.94675,1.00,1.00
2010.09.10 10:20:04.986,0.9463,0.94675,12.70,1.00
2010.09.10 10:20:05.087,0.9463,0.9467,12.50,1.00
2010.09.10 10:20:05.194,0.94635,0.94675,1.00,1.70
2010.09.10 10:20:05.393,0.94635,0.94675,1.00,1.00
2010.09.10 10:20:05.735,0.9463,0.94675,8.40,1.00
2010.09.10 10:20:06.448,0.9464,0.94685,4.00,1.00
2010.09.10 10:20:06.643,0.9464,0.9468,4.00,1.00
2010.09.10 10:20:06.844,0.9464,0.9468,4.00,1.00
2010.09.10 10:20:07.713,0.9464,0.9468,4.10,1.00
2010.09.10 10:20:09.453,0.9464,0.9468,1.70,2.50
2010.09.10 10:20:10.005,0.94635,0.9468,1.70,2.50
2010.09.10 10:20:10.204,0.94635,0.94675,1.00,1.00
2010.09.10 10:20:11.917,0.9463,0.9467,14.20,1.00
2010.09.10 10:20:12.014,0.9463,0.9467,14.20,1.00
2010.09.10 10:20:12.113,0.9463,0.9467,6.20,1.00
2010.09.10 10:20:12.214,0.9463,0.94675,6.20,1.00
2010.09.10 10:20:12.314,0.9463,0.9467,6.30,1.00
2010.09.10 10:20:12.855,0.9463,0.94675,6.20,1.00
2010.09.10 10:20:13.973,0.9463,0.9467,6.30,1.00
2010.09.10 10:20:14.313,0.9463,0.9467,10.30,1.00
2010.09.10 10:20:14.535,0.94635,0.9468,1.00,2.40
2010.09.10 10:20:14.873,0.9463,0.9468,10.30,2.50
2010.09.10 10:20:14.983,0.9463,0.9468,14.30,2.50
2010.09.10 10:20:16.673,0.94635,0.9468,1.00,2.50
2010.09.10 10:20:18.007,0.9464,0.94685,2.50,10.10
2010.09.10 10:20:18.264,0.9464,0.94685,4.10,1.00
2010.09.10 10:20:19.475,0.9464,0.9468,1.60,2.40
2010.09.10 10:20:19.704,0.9464,0.9468,5.60,2.40
2010.09.10 10:20:20.674,0.9464,0.9468,1.60,2.40
2010.09.10 10:20:21.029,0.9464,0.94685,4.00,1.00
2010.09.10 10:20:21.362,0.9464,0.94685,4.10,4.10
2010.09.10 10:20:21.585,0.9464,0.9468,1.00,2.40
2010.09.10 10:20:22.068,0.94635,0.9468,5.70,2.50
2010.09.10 10:20:22.286,0.94635,0.9468,1.00,2.40
2010.09.10 10:20:23.057,0.9464,0.94675,1.60,1.60
2010.09.10 10:20:24.357,0.9464,0.9468,1.60,2.40
2010.09.10 10:20:24.696,0.9464,0.9468,4.00,1.00
2010.09.10 10:20:25.049,0.9464,0.9468,1.60,2.60
2010.09.10 10:20:25.219,0.94635,0.94675,1.60,1.60
2010.09.10 10:20:25.375,0.9463,0.94675,4.40,1.60
2010.09.10 10:20:26.913,0.9464,0.94675,1.60,1.60
2010.09.10 10:20:29.139,0.9464,0.94675,1.60,1.70
2010.09.10 10:20:30.926,0.9464,0.94675,1.60,1.60
2010.09.10 10:20:36.186,0.9464,0.9468,1.60,1.00
2010.09.10 10:20:48.563,0.9464,0.94685,1.60,10.20
2010.09.10 10:20:48.674,0.9464,0.94675,1.60,1.60
2010.09.10 10:20:49.123,0.9464,0.94675,1.70,1.60
2010.09.10 10:20:53.486,0.9464,0.94675,1.60,1.70
2010.09.10 10:20:54.863,0.9464,0.94675,1.60,1.60
2010.09.10 10:20:55.207,0.9464,0.94675,1.70,1.60
2010.09.10 10:20:56.663,0.9464,0.9468,1.60,1.00
2010.09.10 10:20:58.783,0.9464,0.94685,1.60,10.30
2010.09.10 10:20:59.013,0.9464,0.9468,1.60,2.40
2010.09.10 10:20:59.656,0.9464,0.9468,1.60,2.50
2010.09.10 10:21:02.665,0.94645,0.9468,1.00,2.50
2010.09.10 10:21:02.786,0.9465,0.9468,1.60,2.40
2010.09.10 10:21:03.165,0.9465,0.94685,1.60,10.10
2010.09.10 10:21:03.304,0.9465,0.9469,1.60,2.50
2010.09.10 10:21:04.846,0.9465,0.9469,1.60,2.40
2010.09.10 10:21:05.534,0.9465,0.9469,1.60,2.50
2010.09.10 10:21:06.027,0.94645,0.94685,1.00,1.60
2010.09.10 10:21:06.200,0.9464,0.94685,4.10,1.70
2010.09.10 10:21:08.553,0.9464,0.9468,4.10,1.00
2010.09.10 10:21:10.413,0.9464,0.9468,4.10,1.00
2010.09.10 10:21:10.483,0.9464,0.9468,4.10,1.00
2010.09.10 10:21:13.336,0.94645,0.9469,9.80,1.60
2010.09.10 10:21:13.674,0.9465,0.9469,4.00,1.60
2010.09.10 10:21:14.014,0.94645,0.9469,8.20,1.60
2010.09.10 10:21:15.523,0.94645,0.9469,8.20,1.60
2010.09.10 10:21:18.705,0.94645,0.9469,8.00,1.60
2010.09.10 10:21:19.796,0.9465,0.9469,4.00,1.60
2010.09.10 10:21:20.216,0.9465,0.9469,4.10,1.60
2010.09.10 10:21:20.370,0.9465,0.94695,12.10,1.00
2010.09.10 10:21:20.515,0.9465,0.947,12.10,4.50
2010.09.10 10:21:20.664,0.9466,0.947,1.60,4.10
2010.09.10 10:21:21.146,0.94655,0.947,1.00,4.10
2010.09.10 10:21:21.827,0.9466,0.947,1.60,2.50
2010.09.10 10:21:22.925,0.9466,0.947,1.60,2.40
2010.09.10 10:21:23.265,0.9466,0.94705,1.70,6.30
2010.09.10 10:21:23.946,0.9466,0.947,1.60,1.00
2010.09.10 10:21:25.666,0.9466,0.94705,1.60,6.20
2010.09.10 10:21:26.853,0.9466,0.947,1.60,1.00
2010.09.10 10:21:27.848,0.9466,0.94695,1.60,1.60
2010.09.10 10:21:29.769,0.9466,0.94695,1.60,1.60
2010.09.10 10:21:29.837,0.94655,0.94695,1.00,1.60
2010.09.10 10:21:29.905,0.9466,0.947,1.60,4.00
2010.09.10 10:21:29.974,0.9466,0.947,4.00,1.60
2010.09.10 10:21:30.349,0.9466,0.94705,4.00,12.00
2010.09.10 10:21:30.685,0.94655,0.947,8.20,1.00
2010.09.10 10:21:31.024,0.94655,0.947,4.20,1.00
2010.09.10 10:21:31.708,0.9466,0.947,1.00,1.00
2010.09.10 10:21:31.997,0.94655,0.947,1.00,1.00
2010.09.10 10:21:32.595,0.9465,0.947,12.00,1.00
2010.09.10 10:21:33.564,0.9466,0.947,1.00,1.00
2010.09.10 10:21:34.346,0.94655,0.947,1.00,1.00
2010.09.10 10:21:35.294,0.9466,0.947,1.00,1.00
2010.09.10 10:21:35.533,0.9466,0.947,2.40,1.00
2010.09.10 10:21:35.883,0.9466,0.947,2.40,1.00
2010.09.10 10:21:36.105,0.94655,0.94695,1.00,1.60
2010.09.10 10:21:36.793,0.94655,0.94695,1.00,1.60
2010.09.10 10:21:37.756,0.94655,0.94695,1.00,1.60
2010.09.10 10:21:38.444,0.94655,0.947,1.00,1.00
2010.09.10 10:21:39.694,0.9466,0.947,1.00,1.00
2010.09.10 10:21:40.234,0.9466,0.947,1.00,1.00
2010.09.10 10:21:40.776,0.9466,0.947,4.10,1.00
2010.09.10 10:21:42.341,0.9466,0.94705,4.10,10.10
2010.09.10 10:21:42.476,0.94665,0.94705,1.00,10.00
2010.09.10 10:21:42.616,0.9467,0.94705,1.60,9.70
2010.09.10 10:21:42.756,0.94675,0.94705,1.60,8.00
2010.09.10 10:21:43.261,0.9469,0.9472,1.60,8.00
2010.09.10 10:21:43.398,0.9468,0.9472,4.00,1.00
2010.09.10 10:21:43.736,0.94675,0.9472,1.60,2.80
2010.09.10 10:21:44.110,0.94675,0.9472,9.60,2.80
2010.09.10 10:21:44.445,0.94675,0.94715,1.60,1.00
2010.09.10 10:21:45.779,0.94675,0.9471,1.60,1.00
2010.09.10 10:21:45.982,0.94675,0.94715,1.60,1.00
2010.09.10 10:21:46.961,0.94675,0.9471,1.60,1.00
2010.09.10 10:21:47.546,0.94675,0.9471,1.60,2.40
2010.09.10 10:21:47.794,0.94675,0.9471,1.60,2.50
2010.09.10 10:21:48.043,0.94675,0.9471,1.60,2.40
2010.09.10 10:21:48.933,0.94665,0.9471,10.30,2.50
2010.09.10 10:21:49.397,0.94665,0.9471,2.10,2.50
2010.09.10 10:21:49.486,0.9466,0.947,4.00,1.00
2010.09.10 10:21:49.574,0.94655,0.947,10.10,1.00
2010.09.10 10:21:49.654,0.94665,0.94705,1.60,1.90
2010.09.10 10:21:49.813,0.94665,0.94705,1.60,5.90
2010.09.10 10:21:50.117,0.94665,0.94705,1.60,5.70
2010.09.10 10:21:50.326,0.94665,0.94705,1.60,1.00
2010.09.10 10:21:51.057,0.94665,0.94705,1.70,1.00
2010.09.10 10:21:52.484,0.9467,0.9471,2.40,10.00
2010.09.10 10:21:52.813,0.9467,0.94705,2.40,1.00
2010.09.10 10:21:52.937,0.9468,0.9471,1.60,2.40
2010.09.10 10:21:53.056,0.9468,0.9471,1.60,1.00
2010.09.10 10:21:53.174,0.9468,0.94715,1.60,1.60
2010.09.10 10:21:53.294,0.9468,0.9471,1.60,1.00
2010.09.10 10:21:53.635,0.9467,0.9471,2.40,1.00
2010.09.10 10:21:54.183,0.94675,0.9471,1.60,2.50
2010.09.10 10:21:56.766,0.94675,0.9471,1.60,1.00
2010.09.10 10:21:56.834,0.94675,0.94715,1.60,8.00
2010.09.10 10:21:56.903,0.9468,0.94715,1.60,8.00
2010.09.10 10:21:57.043,0.9468,0.94715,1.60,4.00
2010.09.10 10:21:57.113,0.9468,0.94715,1.60,1.00
2010.09.10 10:21:57.841,0.9468,0.9472,1.60,10.40
2010.09.10 10:21:58.111,0.9468,0.9472,1.70,2.50
2010.09.10 10:22:00.471,0.9468,0.9472,1.00,2.50
2010.09.10 10:22:00.733,0.9468,0.9472,1.70,2.50
2010.09.10 10:22:00.976,0.9468,0.9472,1.60,2.50
2010.09.10 10:22:01.365,0.9468,0.94715,1.60,1.60
2010.09.10 10:22:01.522,0.9468,0.9472,1.60,6.50
2010.09.10 10:22:02.044,0.9468,0.9472,1.60,2.50
2010.09.10 10:22:02.596,0.9468,0.9472,1.60,2.40
2010.09.10 10:22:03.403,0.9468,0.9472,1.60,2.40
2010.09.10 10:22:03.704,0.9468,0.9472,1.00,4.20
2010.09.10 10:22:03.855,0.9467,0.94715,10.00,1.00
2010.09.10 10:22:04.005,0.9467,0.9471,2.10,2.40
2010.09.10 10:22:04.601,0.9467,0.9471,2.00,2.40
2010.09.10 10:22:05.544,0.9467,0.9471,2.00,2.40
2010.09.10 10:22:06.314,0.9467,0.94705,2.00,1.00
2010.09.10 10:22:06.774,0.9467,0.9471,2.00,2.50
2010.09.10 10:22:07.904,0.9467,0.94705,2.00,1.00
2010.09.10 10:22:09.219,0.9467,0.94705,3.60,1.00
2010.09.10 10:22:09.533,0.94665,0.94705,1.80,1.00
2010.09.10 10:22:10.314,0.94665,0.947,1.80,1.00
2010.09.10 10:22:11.025,0.94665,0.947,5.80,1.00
2010.09.10 10:22:12.290,0.94665,0.94705,5.90,1.00
2010.09.10 10:22:12.481,0.94665,0.947,5.80,1.00
2010.09.10 10:22:13.625,0.94665,0.94695,5.80,1.00
2010.09.10 10:22:14.063,0.94665,0.947,5.80,1.00
2010.09.10 10:22:16.176,0.94665,0.947,5.90,1.00
2010.09.10 10:22:16.301,0.94665,0.94705,5.80,1.00
2010.09.10 10:22:16.963,0.94665,0.94705,5.80,1.00
2010.09.10 10:22:17.405,0.94665,0.947,5.60,1.00
2010.09.10 10:22:17.725,0.94665,0.947,1.60,2.50
2010.09.10 10:22:18.045,0.94665,0.947,1.60,2.40
2010.09.10 10:22:18.364,0.94665,0.94695,1.60,1.00
2010.09.10 10:22:19.242,0.94665,0.947,1.60,2.40
2010.09.10 10:22:19.576,0.94665,0.94695,1.60,1.00
2010.09.10 10:22:20.016,0.94665,0.94695,1.60,1.00
2010.09.10 10:22:20.573,0.94665,0.947,1.60,2.50
2010.09.10 10:22:22.254,0.94665,0.94695,1.60,1.00
2010.09.10 10:22:29.595,0.94675,0.94705,1.60,1.00
2010.09.10 10:22:29.925,0.94665,0.9471,9.90,4.10
2010.09.10 10:22:30.488,0.94675,0.94715,1.60,1.70
2010.09.10 10:22:30.636,0.94675,0.9471,5.60,1.00
2010.09.10 10:22:30.784,0.94675,0.9471,1.60,1.00
2010.09.10 10:22:31.973,0.94675,0.9471,1.60,1.00
2010.09.10 10:22:32.677,0.94675,0.9471,1.60,1.00
2010.09.10 10:22:33.884,0.9467,0.9471,8.40,4.00
2010.09.10 10:22:34.487,0.94665,0.9471,5.60,4.00
2010.09.10 10:22:34.616,0.94665,0.94705,9.60,1.60
2010.09.10 10:22:34.943,0.94665,0.94705,9.60,1.60
2010.09.10 10:22:35.073,0.94665,0.94705,9.60,1.60
2010.09.10 10:22:35.744,0.94665,0.94705,5.60,1.60
2010.09.10 10:22:36.093,0.94665,0.94705,1.60,1.60
2010.09.10 10:22:36.698,0.94665,0.947,1.60,1.00
2010.09.10 10:22:37.134,0.94665,0.947,1.60,2.40
2010.09.10 10:22:37.414,0.94665,0.947,1.60,4.00
2010.09.10 10:22:37.864,0.94655,0.94695,10.30,1.70
2010.09.10 10:22:38.695,0.9466,0.94695,1.00,1.60
2010.09.10 10:22:39.386,0.94655,0.9469,9.60,1.00
2010.09.10 10:22:39.595,0.9465,0.94685,8.00,1.60
2010.09.10 10:22:39.805,0.9465,0.9469,5.60,2.40
2010.09.10 10:22:40.228,0.9465,0.9469,1.60,2.40
2010.09.10 10:22:40.535,0.9465,0.9469,5.60,2.40
2010.09.10 10:22:51.764,0.94655,0.9469,1.60,1.00
2010.09.10 10:22:52.044,0.94655,0.9469,5.60,1.00
2010.09.10 10:22:53.623,0.94655,0.9469,5.60,1.00
2010.09.10 10:22:54.364,0.9466,0.94695,1.60,1.70
2010.09.10 10:22:55.597,0.9466,0.94695,1.60,1.60
2010.09.10 10:22:56.214,0.9466,0.9469,1.60,1.00
2010.09.10 10:22:56.434,0.9466,0.9469,1.60,1.00
2010.09.10 10:22:56.654,0.9466,0.94695,1.60,1.70
2010.09.10 10:22:58.663,0.9466,0.9469,1.60,1.00
2010.09.10 10:22:59.536,0.9465,0.94685,12.30,1.60
2010.09.10 10:22:59.764,0.9465,0.94685,8.30,1.60
2010.09.10 10:23:00.575,0.94655,0.94685,1.60,1.00
2010.09.10 10:23:02.763,0.94655,0.9469,1.60,1.00
2010.09.10 10:23:04.643,0.94655,0.94685,1.60,1.00
2010.09.10 10:23:04.724,0.94655,0.9468,1.60,1.00
2010.09.10 10:23:04.806,0.94645,0.9468,9.60,1.00
2010.09.10 10:23:04.884,0.94645,0.9468,5.60,1.00
2010.09.10 10:23:05.208,0.94645,0.9468,1.60,1.00
2010.09.10 10:23:05.290,0.9464,0.9468,1.60,1.00
2010.09.10 10:23:05.374,0.9464,0.94675,1.60,1.00
2010.09.10 10:23:05.456,0.9464,0.94675,1.60,1.70
2010.09.10 10:23:06.764,0.9464,0.9467,1.60,1.00
2010.09.10 10:23:08.388,0.9464,0.94675,5.60,1.60
2010.09.10 10:23:08.537,0.94645,0.9468,1.60,2.00
2010.09.10 10:23:08.688,0.9464,0.94675,4.00,1.60
2010.09.10 10:23:09.027,0.9464,0.94685,8.20,2.00
2010.09.10 10:23:09.658,0.9464,0.94685,8.00,2.00
2010.09.10 10:23:09.996,0.9464,0.94685,4.00,2.00
2010.09.10 10:23:10.583,0.9464,0.9468,4.00,1.00
2010.09.10 10:23:10.844,0.9464,0.94675,4.00,1.00
2010.09.10 10:23:21.304,0.9464,0.94675,4.00,1.60
2010.09.10 10:23:21.748,0.9464,0.9467,4.00,1.00
2010.09.10 10:23:21.897,0.9464,0.9467,1.60,1.00
2010.09.10 10:23:22.353,0.9464,0.94675,1.60,1.60
2010.09.10 10:23:23.014,0.9464,0.94675,1.60,1.60
2010.09.10 10:23:23.235,0.9464,0.94675,1.60,1.60
2010.09.10 10:23:24.006,0.9464,0.94675,1.60,2.10
2010.09.10 10:23:24.255,0.9464,0.94675,1.60,2.00
2010.09.10 10:23:24.504,0.9464,0.94675,1.60,2.10
2010.09.10 10:23:27.035,0.9464,0.94675,4.00,1.00
2010.09.10 10:23:27.247,0.9464,0.94675,4.00,1.00
2010.09.10 10:23:28.843,0.9464,0.94675,4.00,1.00
2010.09.10 10:23:30.274,0.9464,0.94675,1.60,1.00
2010.09.10 10:23:31.864,0.9464,0.9467,1.60,1.00
2010.09.10 10:23:34.235,0.9464,0.94675,1.60,1.00
2010.09.10 10:23:35.163,0.9464,0.9467,1.60,1.00
2010.09.10 10:23:38.688,0.9464,0.94675,1.60,1.00
2010.09.10 10:23:39.325,0.9464,0.94675,4.00,1.00
2010.09.10 10:23:40.775,0.9464,0.94675,4.00,1.00
2010.09.10 10:23:42.414,0.9464,0.94675,4.00,1.00
2010.09.10 10:23:48.739,0.9464,0.9467,1.60,1.00
2010.09.10 10:23:50.914,0.9464,0.9467,1.60,1.00
2010.09.10 10:23:51.490,0.9464,0.94675,1.60,1.00
2010.09.10 10:23:52.043,0.9464,0.9467,1.60,1.00
2010.09.10 10:23:54.755,0.9464,0.94675,1.60,1.00
2010.09.10 10:23:56.405,0.9464,0.9467,1.60,1.00
2010.09.10 10:23:56.803,0.9464,0.9467,1.60,1.00
2010.09.10 10:23:57.301,0.9464,0.9467,1.60,1.00
2010.09.10 10:23:58.773,0.9464,0.94675,1.60,1.60
2010.09.10 10:24:00.676,0.9464,0.94675,4.00,1.00
2010.09.10 10:24:02.764,0.9464,0.9467,4.00,1.00
2010.09.10 10:24:02.964,0.9464,0.94675,4.00,1.00
2010.09.10 10:24:03.164,0.9464,0.94675,4.00,1.00
2010.09.10 10:24:04.166,0.9464,0.94675,4.00,1.00
2010.09.10 10:24:04.924,0.9464,0.94675,4.00,1.70
2010.09.10 10:24:05.003,0.9464,0.94675,1.60,1.70
2010.09.10 10:24:05.412,0.9464,0.94675,4.00,1.70
2010.09.10 10:24:05.493,0.9464,0.94675,4.00,1.00
2010.09.10 10:24:06.334,0.9464,0.9468,4.00,1.00
2010.09.10 10:24:06.920,0.94645,0.9468,1.00,1.00
2010.09.10 10:24:07.057,0.9465,0.9468,1.60,1.00
2010.09.10 10:24:07.196,0.9465,0.94685,1.60,1.70
2010.09.10 10:24:07.654,0.9465,0.9469,1.60,2.40
2010.09.10 10:24:07.788,0.9465,0.94685,1.60,1.00
2010.09.10 10:24:08.606,0.9465,0.94685,1.60,1.70
2010.09.10 10:24:09.426,0.9465,0.9469,1.60,2.40
2010.09.10 10:24:09.677,0.9465,0.94685,1.60,1.00
2010.09.10 10:24:14.006,0.9465,0.9468,1.60,1.00
2010.09.10 10:24:14.626,0.9465,0.94685,1.60,1.00
2010.09.10 10:24:19.606,0.9465,0.9468,1.60,1.00
2010.09.10 10:24:19.834,0.94645,0.9468,8.00,1.00
2010.09.10 10:24:19.944,0.94645,0.9468,4.00,1.00
2010.09.10 10:24:20.054,0.9464,0.9468,9.70,1.00
2010.09.10 10:24:21.483,0.9464,0.9468,9.60,1.00
2010.09.10 10:24:28.376,0.94645,0.94685,1.00,2.10
2010.09.10 10:24:28.525,0.9465,0.94685,1.60,2.10
2010.09.10 10:24:28.814,0.94645,0.94685,8.00,2.10
2010.09.10 10:24:29.438,0.94645,0.94685,4.00,2.10
2010.09.10 10:24:29.766,0.9464,0.9468,12.10,1.00
2010.09.10 10:24:30.723,0.94645,0.94685,1.00,2.10
2010.09.10 10:24:31.763,0.9464,0.9468,12.10,1.00
2010.09.10 10:24:34.576,0.9465,0.94685,1.60,1.00
2010.09.10 10:24:35.274,0.9465,0.94685,1.60,1.00
2010.09.10 10:24:36.637,0.9465,0.94685,1.60,1.00
2010.09.10 10:24:44.110,0.9465,0.94685,1.80,1.00
2010.09.10 10:24:44.295,0.9465,0.94685,1.60,1.00
2010.09.10 10:24:46.933,0.9465,0.94685,1.60,1.70
2010.09.10 10:24:49.103,0.9465,0.9468,1.60,1.00
2010.09.10 10:24:53.755,0.9465,0.94685,1.60,1.60
2010.09.10 10:24:54.644,0.9465,0.9468,1.60,1.00
2010.09.10 10:24:55.372,0.9464,0.9468,5.60,1.00
2010.09.10 10:24:55.634,0.9464,0.9468,1.60,1.00
2010.09.10 10:25:06.540,0.9464,0.94675,1.60,1.00
2010.09.10 10:25:07.083,0.9464,0.94675,4.00,1.00
2010.09.10 10:25:07.495,0.9464,0.9468,4.00,1.00
2010.09.10 10:25:07.683,0.94645,0.9468,1.00,1.00
2010.09.10 10:25:07.937,0.9465,0.9468,1.60,1.00
2010.09.10 10:25:08.195,0.9465,0.9468,1.60,1.00
2010.09.10 10:25:10.665,0.9465,0.9468,1.60,1.00
2010.09.10 10:25:14.851,0.9466,0.94695,1.60,1.00
2010.09.10 10:25:15.047,0.9466,0.947,1.60,1.00
2010.09.10 10:25:15.235,0.9467,0.94705,1.60,9.70
2010.09.10 10:25:15.425,0.9467,0.947,1.60,1.00
2010.09.10 10:25:16.056,0.9467,0.94705,1.60,1.70
2010.09.10 10:25:16.804,0.9467,0.94705,1.60,1.60
2010.09.10 10:25:17.055,0.94665,0.947,1.60,1.00
2010.09.10 10:25:17.639,0.94665,0.947,1.60,1.00
2010.09.10 10:25:18.133,0.9467,0.947,1.60,1.00
2010.09.10 10:25:18.963,0.94665,0.947,1.60,1.00
2010.09.10 10:25:19.689,0.94665,0.94705,1.90,1.00
2010.09.10 10:25:20.024,0.94665,0.94705,1.70,1.00
2010.09.10 10:25:20.424,0.94665,0.94705,1.70,1.70
2010.09.10 10:25:20.965,0.94665,0.94705,1.60,1.80
2010.09.10 10:25:21.165,0.94665,0.947,1.60,4.20
2010.09.10 10:25:21.366,0.9466,0.94695,1.70,1.60
2010.09.10 10:25:22.945,0.9466,0.94695,1.60,1.60
2010.09.10 10:25:23.349,0.9466,0.94695,1.80,1.60
2010.09.10 10:25:23.518,0.9466,0.94695,2.30,1.60
2010.09.10 10:25:23.687,0.9467,0.94705,1.60,1.80
2010.09.10 10:25:24.185,0.9466,0.94705,12.40,1.80
2010.09.10 10:25:24.355,0.94665,0.94705,1.60,1.80
2010.09.10 10:25:24.808,0.94665,0.94705,1.60,1.80
2010.09.10 10:25:25.145,0.94665,0.94705,1.00,1.90
2010.09.10 10:25:27.175,0.9466,0.947,8.00,1.00
2010.09.10 10:25:27.253,0.9466,0.947,5.60,2.60
2010.09.10 10:25:27.334,0.9466,0.94695,5.60,1.60
2010.09.10 10:25:27.414,0.9466,0.94695,1.60,1.60
2010.09.10 10:25:27.573,0.9466,0.947,1.60,4.20
2010.09.10 10:25:27.998,0.9466,0.94695,1.60,1.60
2010.09.10 10:25:30.306,0.9466,0.94695,1.60,1.70
2010.09.10 10:25:30.464,0.9466,0.94695,1.60,1.60
2010.09.10 10:25:31.010,0.9466,0.94695,9.60,1.60
2010.09.10 10:25:31.165,0.9466,0.94695,1.60,1.60
2010.09.10 10:25:32.714,0.9466,0.94695,1.70,1.60
2010.09.10 10:25:34.566,0.9466,0.94695,1.60,1.60
2010.09.10 10:25:34.764,0.9466,0.947,4.00,1.60
2010.09.10 10:25:35.214,0.94665,0.947,1.00,1.60
2010.09.10 10:25:35.696,0.94665,0.947,4.10,1.60
2010.09.10 10:25:35.842,0.9467,0.94705,1.60,1.60
2010.09.10 10:25:36.266,0.9467,0.94705,1.00,1.80
2010.09.10 10:25:38.388,0.9467,0.94705,1.00,1.80
2010.09.10 10:25:39.186,0.94665,0.947,1.00,1.00
2010.09.10 10:25:39.505,0.94665,0.94695,1.00,1.60
2010.09.10 10:25:40.356,0.94665,0.94695,1.00,1.60
2010.09.10 10:25:40.535,0.94665,0.94695,1.00,1.60
2010.09.10 10:25:40.714,0.94665,0.94705,1.00,1.80
2010.09.10 10:25:40.895,0.9467,0.94705,1.00,1.80
2010.09.10 10:25:42.194,0.94665,0.94705,1.00,1.80
2010.09.10 10:25:42.609,0.94665,0.947,1.00,1.00
2010.09.10 10:25:42.797,0.94665,0.94695,1.00,1.60
2010.09.10 10:25:46.834,0.9467,0.94705,1.00,1.80
2010.09.10 10:25:47.055,0.94665,0.94705,1.00,1.80
2010.09.10 10:25:47.887,0.9467,0.94705,1.00,2.20
2010.09.10 10:25:48.774,0.94665,0.94705,1.00,2.20
2010.09.10 10:25:49.602,0.94665,0.94705,1.60,2.00
2010.09.10 10:25:49.838,0.94665,0.94705,1.60,1.80
2010.09.10 10:25:50.553,0.94665,0.94705,1.00,1.80
2010.09.10 10:25:50.794,0.94665,0.94705,1.00,1.80
2010.09.10 10:25:57.411,0.94665,0.94705,1.00,1.60
2010.09.10 10:25:57.497,0.94675,0.94715,1.80,5.60
2010.09.10 10:25:57.707,0.94675,0.9472,1.90,3.20
2010.09.10 10:25:57.917,0.94685,0.9473,1.80,13.70
2010.09.10 10:25:58.126,0.9469,0.9473,1.00,1.70
2010.09.10 10:25:58.497,0.9469,0.9473,2.40,1.60
2010.09.10 10:25:58.834,0.94685,0.9473,9.90,1.60
2010.09.10 10:25:59.174,0.94685,0.9473,9.80,1.60
2010.09.10 10:26:00.063,0.94685,0.9473,9.80,1.60
2010.09.10 10:26:00.484,0.94685,0.94725,9.80,1.00
2010.09.10 10:26:03.328,0.94685,0.94725,5.80,1.00
2010.09.10 10:26:04.686,0.947,0.9473,2.60,1.60
2010.09.10 10:26:05.161,0.94695,0.9473,8.00,1.60
2010.09.10 10:26:05.352,0.9469,0.9473,1.00,4.00
2010.09.10 10:26:06.144,0.94685,0.94725,9.90,1.00
2010.09.10 10:26:06.892,0.94685,0.94725,9.70,1.00
2010.09.10 10:26:06.986,0.94685,0.94715,4.00,1.00
2010.09.10 10:26:07.084,0.9468,0.9472,10.20,2.40
2010.09.10 10:26:07.662,0.9468,0.9472,10.00,2.40
2010.09.10 10:26:07.773,0.9468,0.94715,8.40,1.00
2010.09.10 10:26:07.865,0.9468,0.94715,1.00,1.00
2010.09.10 10:26:08.308,0.9468,0.94715,1.00,1.90
2010.09.10 10:26:08.940,0.9468,0.9471,1.00,2.60
2010.09.10 10:26:09.146,0.9468,0.9471,1.00,2.70
2010.09.10 10:26:09.355,0.94665,0.9471,6.10,2.70
2010.09.10 10:26:10.191,0.94665,0.94695,4.40,1.80
2010.09.10 10:26:10.475,0.9467,0.94705,1.80,1.00
2010.09.10 10:26:10.749,0.9468,0.94715,1.00,1.00
2010.09.10 10:26:11.377,0.9468,0.94725,2.40,1.90
2010.09.10 10:26:11.716,0.94675,0.9472,9.90,4.10
2010.09.10 10:26:12.056,0.94685,0.94725,1.80,4.10
2010.09.10 10:26:12.409,0.9469,0.94725,1.00,4.10
2010.09.10 10:26:12.728,0.9469,0.94725,1.00,1.00
2010.09.10 10:26:13.686,0.9469,0.9472,1.00,1.00
2010.09.10 10:26:14.420,0.9469,0.94725,2.60,1.00
2010.09.10 10:26:15.312,0.9469,0.94725,1.00,1.00
2010.09.10 10:26:15.598,0.9469,0.9472,1.00,1.00
2010.09.10 10:26:16.295,0.94685,0.94725,11.80,1.00
2010.09.10 10:26:16.597,0.94685,0.94725,1.90,1.00
2010.09.10 10:26:17.095,0.94685,0.9472,1.80,1.00
2010.09.10 10:26:17.434,0.94685,0.94725,1.80,1.00
2010.09.10 10:26:17.605,0.94685,0.9472,1.60,1.00
2010.09.10 10:26:17.884,0.9468,0.9472,6.30,1.00
2010.09.10 10:26:18.164,0.9468,0.94725,6.30,1.00
2010.09.10 10:26:18.768,0.9467,0.9471,12.80,1.00
2010.09.10 10:26:18.944,0.9467,0.9471,4.00,1.00
2010.09.10 10:26:19.284,0.9467,0.9471,4.00,1.00
2010.09.10 10:26:19.847,0.9467,0.9471,4.10,1.00
2010.09.10 10:26:20.655,0.9467,0.94705,4.00,1.00
2010.09.10 10:26:21.750,0.9467,0.94705,4.10,1.00
2010.09.10 10:26:21.907,0.9467,0.94705,1.60,1.00
2010.09.10 10:26:23.795,0.9467,0.94705,1.60,1.00
2010.09.10 10:26:23.995,0.9467,0.947,1.60,1.00
2010.09.10 10:26:24.641,0.94655,0.94695,1.70,1.60
2010.09.10 10:26:24.957,0.94655,0.94695,1.00,1.60
2010.09.10 10:26:25.582,0.94655,0.94695,1.80,1.00
2010.09.10 10:26:25.926,0.94655,0.94695,8.20,1.00
2010.09.10 10:26:26.544,0.94655,0.94695,9.80,1.00
2010.09.10 10:26:26.886,0.94655,0.94695,8.20,1.00
2010.09.10 10:26:27.166,0.94655,0.94695,4.20,1.00
2010.09.10 10:26:28.445,0.9467,0.947,1.00,2.00
2010.09.10 10:26:28.769,0.94665,0.947,1.00,2.00
2010.09.10 10:26:28.886,0.9467,0.94715,4.20,8.00
2010.09.10 10:26:29.014,0.94675,0.94715,1.60,1.00
2010.09.10 10:26:29.146,0.94675,0.94715,1.80,1.00
2010.09.10 10:26:30.745,0.94675,0.94715,1.90,1.00
2010.09.10 10:26:31.695,0.94675,0.9471,1.80,1.00
2010.09.10 10:26:32.174,0.94675,0.94715,1.80,1.00
2010.09.10 10:26:33.145,0.9467,0.9471,10.30,1.00
2010.09.10 10:26:33.734,0.94675,0.94715,1.00,1.00
2010.09.10 10:26:34.290,0.94675,0.94715,1.90,1.00
2010.09.10 10:26:34.638,0.94675,0.94715,5.90,1.00
2010.09.10 10:26:34.975,0.94675,0.94715,5.70,1.00
2010.09.10 10:26:35.244,0.94675,0.94715,1.00,1.00
2010.09.10 10:26:35.939,0.94675,0.9472,1.00,4.20
2010.09.10 10:26:36.095,0.94675,0.9472,1.00,8.20
2010.09.10 10:26:36.493,0.94675,0.94715,1.00,1.00
2010.09.10 10:26:36.654,0.9467,0.9471,10.20,1.00
2010.09.10 10:26:37.126,0.94675,0.94715,1.80,1.00
2010.09.10 10:26:38.408,0.94675,0.94715,1.00,1.00
2010.09.10 10:26:38.639,0.94675,0.9471,1.90,1.00
2010.09.10 10:26:38.867,0.94675,0.9471,1.80,1.00
2010.09.10 10:26:39.262,0.94675,0.9471,1.00,1.00
2010.09.10 10:26:39.587,0.9467,0.9471,4.10,1.00
2010.09.10 10:26:39.895,0.9467,0.94705,4.00,1.00
2010.09.10 10:26:40.821,0.9467,0.9471,4.30,1.00
2010.09.10 10:26:41.097,0.94675,0.9472,1.90,12.10
2010.09.10 10:26:41.367,0.94675,0.94715,1.60,1.00
2010.09.10 10:26:41.636,0.9467,0.94715,8.00,1.00
2010.09.10 10:26:41.916,0.9467,0.9471,4.00,1.00
2010.09.10 10:26:42.974,0.9467,0.9471,1.60,2.60
2010.09.10 10:26:43.155,0.94675,0.94705,1.00,1.60
2010.09.10 10:26:43.582,0.94675,0.9471,1.00,1.00
2010.09.10 10:26:43.848,0.9467,0.9471,4.30,1.00
2010.09.10 10:26:44.115,0.9467,0.9471,4.70,1.00
2010.09.10 10:26:44.634,0.9467,0.9471,4.50,1.00
2010.09.10 10:26:44.874,0.9467,0.94705,4.70,1.00
2010.09.10 10:26:45.338,0.9467,0.94705,4.40,1.00
2010.09.10 10:26:45.586,0.9467,0.9471,4.00,1.00
2010.09.10 10:26:46.244,0.9467,0.9471,4.00,1.00
2010.09.10 10:26:46.414,0.9467,0.94705,1.00,1.60
2010.09.10 10:26:47.774,0.9467,0.94705,1.00,1.70
2010.09.10 10:26:47.934,0.94665,0.947,1.60,1.00
2010.09.10 10:26:48.095,0.9466,0.94695,8.10,1.60
2010.09.10 10:26:48.295,0.9466,0.947,12.00,1.00
2010.09.10 10:26:48.696,0.94665,0.94705,1.00,1.90
2010.09.10 10:26:48.898,0.94675,0.94715,1.80,1.00
2010.09.10 10:26:49.394,0.94675,0.94715,1.60,1.00
2010.09.10 10:26:49.695,0.9467,0.94715,14.20,1.00
2010.09.10 10:26:50.007,0.9467,0.94705,12.00,1.60
2010.09.10 10:26:50.316,0.9467,0.9471,4.10,1.00
2010.09.10 10:26:50.755,0.9467,0.9471,8.10,1.00
2010.09.10 10:26:50.883,0.9467,0.9471,4.10,1.00
2010.09.10 10:26:52.615,0.94665,0.94705,9.60,1.60
2010.09.10 10:26:52.744,0.94665,0.94705,9.70,1.80
2010.09.10 10:26:52.874,0.94665,0.94705,1.70,1.80
2010.09.10 10:26:53.004,0.94665,0.94695,1.00,1.60
2010.09.10 10:26:53.134,0.9466,0.94695,4.10,1.60
2010.09.10 10:26:54.148,0.9466,0.94695,1.70,1.60
2010.09.10 10:26:55.066,0.94665,0.94695,1.00,1.60
2010.09.10 10:26:56.054,0.9466,0.94695,1.60,1.80
2010.09.10 10:26:56.155,0.9466,0.94685,1.00,1.60
2010.09.10 10:26:56.265,0.9466,0.94685,1.00,1.60
2010.09.10 10:26:58.605,0.9466,0.9469,1.00,1.60
2010.09.10 10:26:59.534,0.9466,0.94685,1.00,1.60
2010.09.10 10:27:00.174,0.94655,0.94685,1.00,1.60
2010.09.10 10:27:00.706,0.94655,0.94695,1.70,1.70
2010.09.10 10:27:01.798,0.94655,0.9469,1.60,1.00
2010.09.10 10:27:02.008,0.94655,0.94695,1.60,1.60
2010.09.10 10:27:02.216,0.9466,0.94695,1.60,1.00
2010.09.10 10:27:02.745,0.94665,0.947,1.60,1.00
2010.09.10 10:27:03.345,0.9466,0.94695,1.60,1.70
2010.09.10 10:27:04.247,0.9466,0.94695,1.60,1.60
2010.09.10 10:27:04.555,0.9466,0.94695,1.70,1.60
2010.09.10 10:27:04.866,0.9466,0.94695,1.60,1.70
2010.09.10 10:27:06.024,0.94655,0.94695,1.90,1.70
2010.09.10 10:27:11.241,0.9465,0.94685,8.50,1.60
2010.09.10 10:27:11.405,0.94655,0.94685,1.00,1.60
2010.09.10 10:27:12.096,0.9465,0.94685,4.50,1.60
2010.09.10 10:27:13.500,0.94655,0.94685,1.00,1.60
2010.09.10 10:27:15.094,0.9465,0.94685,4.40,1.60
2010.09.10 10:27:16.567,0.9465,0.94685,4.40,1.60
2010.09.10 10:27:17.045,0.9465,0.94685,4.40,1.60
2010.09.10 10:27:17.121,0.9465,0.94685,1.60,1.60
2010.09.10 10:27:17.425,0.9465,0.94685,1.60,1.60
2010.09.10 10:27:18.316,0.9465,0.94685,1.60,1.60
2010.09.10 10:27:20.005,0.9465,0.94685,1.60,1.60
2010.09.10 10:27:20.654,0.9465,0.94685,1.60,1.60
2010.09.10 10:27:21.311,0.9465,0.94685,1.60,1.60
2010.09.10 10:27:21.885,0.9465,0.94685,1.80,1.60
2010.09.10 10:27:22.055,0.9465,0.94695,8.30,1.90
2010.09.10 10:27:22.420,0.9466,0.94695,1.60,1.60
2010.09.10 10:27:22.706,0.9466,0.94695,4.20,1.60
2010.09.10 10:27:23.588,0.9466,0.94695,4.30,1.60
2010.09.10 10:27:23.774,0.9467,0.94695,2.40,1.60
2010.09.10 10:27:23.967,0.9466,0.94695,14.10,1.60
2010.09.10 10:27:24.154,0.9466,0.94695,5.70,1.60
2010.09.10 10:27:24.665,0.9466,0.94695,4.30,1.60
2010.09.10 10:27:25.344,0.9466,0.94695,4.60,1.60
2010.09.10 10:27:25.686,0.9467,0.94695,2.40,1.60
2010.09.10 10:27:27.385,0.94665,0.94695,1.00,1.60
2010.09.10 10:27:27.697,0.94665,0.94695,1.00,1.60
2010.09.10 10:27:28.457,0.94675,0.94695,1.00,1.60
2010.09.10 10:27:28.953,0.94675,0.94705,4.20,1.60
2010.09.10 10:27:29.262,0.9468,0.94715,1.60,1.60
2010.09.10 10:27:30.876,0.9468,0.94715,1.60,1.60
2010.09.10 10:27:31.484,0.9468,0.94715,1.70,1.60
2010.09.10 10:27:32.311,0.9468,0.94715,5.60,1.60
2010.09.10 10:27:32.488,0.9468,0.9472,6.20,4.00
2010.09.10 10:27:32.668,0.9468,0.9472,4.60,1.60
2010.09.10 10:27:33.007,0.9468,0.9472,4.60,1.00
2010.09.10 10:27:33.345,0.9468,0.9472,12.60,1.70
2010.09.10 10:27:33.685,0.94685,0.9472,1.00,1.60
2010.09.10 10:27:34.024,0.94685,0.9472,1.80,1.60
2010.09.10 10:27:34.370,0.94685,0.9472,9.80,1.60
2010.09.10 10:27:34.705,0.94685,0.9472,9.80,1.60
2010.09.10 10:27:35.646,0.9469,0.9472,1.00,1.60
2010.09.10 10:27:36.424,0.9469,0.94725,1.00,1.60
2010.09.10 10:27:36.745,0.94685,0.94725,9.90,1.70
2010.09.10 10:27:36.914,0.9469,0.94725,1.00,1.60
2010.09.10 10:27:37.084,0.94695,0.9473,9.60,1.70
2010.09.10 10:27:37.255,0.94695,0.9473,10.20,1.60
2010.09.10 10:27:37.785,0.947,0.9473,4.10,1.60
2010.09.10 10:27:38.924,0.947,0.9473,4.00,1.60
2010.09.10 10:27:39.306,0.947,0.9473,8.00,1.60
2010.09.10 10:27:39.695,0.94695,0.9473,1.00,1.60
2010.09.10 10:27:41.718,0.94685,0.94725,1.00,1.60
2010.09.10 10:27:42.012,0.94685,0.94725,1.00,1.70
2010.09.10 10:27:42.268,0.9469,0.94725,13.60,1.60
2010.09.10 10:27:42.774,0.9469,0.94725,7.50,1.60
2010.09.10 10:27:43.101,0.9469,0.94725,1.70,1.60
2010.09.10 10:27:43.746,0.9469,0.94725,1.60,1.70
2010.09.10 10:27:44.015,0.94685,0.94725,8.10,1.70
2010.09.10 10:27:44.326,0.94685,0.94725,1.00,1.70
2010.09.10 10:27:44.856,0.94685,0.94725,1.00,1.60
2010.09.10 10:27:45.097,0.94695,0.94725,1.00,1.60
2010.09.10 10:27:45.340,0.94695,0.94725,8.00,1.60
2010.09.10 10:27:45.579,0.94685,0.94715,1.00,1.60
2010.09.10 10:27:46.100,0.9469,0.94725,1.60,1.60
2010.09.10 10:27:46.295,0.94685,0.94725,1.00,1.60
2010.09.10 10:27:46.484,0.94685,0.94725,1.00,1.70
2010.09.10 10:27:47.545,0.9469,0.94725,1.60,1.70
2010.09.10 10:27:47.886,0.9469,0.94725,1.60,1.60
2010.09.10 10:27:48.225,0.94695,0.94725,1.00,1.60
2010.09.10 10:27:48.723,0.947,0.94735,1.60,3.20
2010.09.10 10:27:48.983,0.94695,0.9473,9.80,1.60
2010.09.10 10:27:49.237,0.94695,0.9473,9.90,1.60
2010.09.10 10:27:50.256,0.94695,0.9473,9.80,1.60
2010.09.10 10:27:50.466,0.94695,0.94735,9.70,1.70
2010.09.10 10:27:50.675,0.94695,0.94735,8.10,1.70
2010.09.10 10:27:50.885,0.94695,0.94735,1.00,1.70
2010.09.10 10:27:51.308,0.94695,0.9473,1.00,1.00
2010.09.10 10:27:51.806,0.94695,0.94735,1.00,1.60
2010.09.10 10:27:52.792,0.94695,0.9473,4.00,1.00
2010.09.10 10:27:53.046,0.94695,0.94735,4.00,1.60
2010.09.10 10:27:53.882,0.94695,0.94735,1.80,1.60
2010.09.10 10:27:54.196,0.94695,0.94735,9.80,1.60
2010.09.10 10:27:54.814,0.947,0.94735,1.00,1.60
2010.09.10 10:27:55.770,0.94695,0.94735,9.80,1.60
2010.09.10 10:27:56.735,0.94695,0.94735,9.60,1.60
2010.09.10 10:27:57.186,0.94695,0.94735,8.00,1.60
2010.09.10 10:27:57.335,0.9469,0.94735,12.60,1.60
2010.09.10 10:27:57.485,0.94695,0.94735,1.00,1.60
2010.09.10 10:27:57.784,0.94695,0.94735,9.80,1.60
2010.09.10 10:27:58.574,0.947,0.94735,1.70,1.60
2010.09.10 10:27:58.815,0.947,0.94735,1.80,1.60
2010.09.10 10:27:59.054,0.947,0.9474,4.20,1.60
2010.09.10 10:27:59.794,0.947,0.94735,4.20,1.00
2010.09.10 10:28:00.874,0.94705,0.9474,1.00,1.60
2010.09.10 10:28:01.344,0.947,0.94735,4.30,1.00
2010.09.10 10:28:02.167,0.947,0.9474,1.70,4.10
2010.09.10 10:28:02.374,0.947,0.94735,1.70,1.60
2010.09.10 10:28:03.754,0.947,0.94735,1.60,1.60
2010.09.10 10:28:07.647,0.947,0.9474,1.80,2.50
2010.09.10 10:28:07.969,0.947,0.9474,4.30,1.70
2010.09.10 10:28:08.157,0.947,0.94735,4.30,1.60
2010.09.10 10:28:08.511,0.947,0.94735,12.30,1.60
2010.09.10 10:28:08.710,0.947,0.94735,1.60,1.60
2010.09.10 10:28:09.914,0.947,0.94735,1.70,1.60
2010.09.10 10:28:10.430,0.94705,0.94735,4.00,1.60
2010.09.10 10:28:10.495,0.947,0.94735,12.30,1.60
2010.09.10 10:28:10.564,0.947,0.94735,8.30,1.60
2010.09.10 10:28:11.724,0.94705,0.94735,1.00,1.60
2010.09.10 10:28:12.470,0.947,0.94735,4.00,1.60
2010.09.10 10:28:12.585,0.947,0.94735,1.00,1.60
2010.09.10 10:28:13.664,0.947,0.94735,4.00,1.60
2010.09.10 10:28:13.945,0.947,0.94735,4.00,1.60
2010.09.10 10:28:14.225,0.94695,0.94735,4.10,1.60
2010.09.10 10:28:15.025,0.94695,0.94735,4.30,1.60
2010.09.10 10:28:15.338,0.947,0.94735,1.00,1.60
2010.09.10 10:28:15.796,0.94695,0.94735,9.60,1.60
2010.09.10 10:28:15.944,0.94695,0.94735,8.00,1.60
2010.09.10 10:28:16.394,0.94695,0.94735,1.00,1.60
2010.09.10 10:28:17.246,0.9469,0.9473,5.70,1.60
2010.09.10 10:28:17.435,0.9469,0.9473,1.70,1.60
2010.09.10 10:28:18.074,0.9469,0.94725,1.70,1.60
2010.09.10 10:28:19.060,0.9469,0.9473,1.70,1.70
2010.09.10 10:28:24.983,0.9469,0.9473,5.70,1.70
2010.09.10 10:28:25.864,0.9469,0.94725,1.70,1.60
2010.09.10 10:28:26.576,0.9469,0.94725,1.60,1.60
2010.09.10 10:28:27.028,0.94685,0.94725,10.10,1.60
2010.09.10 10:28:27.297,0.94685,0.94725,6.10,1.60
2010.09.10 10:28:28.104,0.94685,0.94725,6.00,1.60
2010.09.10 10:28:29.046,0.94685,0.94725,2.00,1.60
2010.09.10 10:28:30.194,0.94685,0.94725,2.20,1.60
2010.09.10 10:28:30.633,0.9469,0.9473,1.00,2.70
2010.09.10 10:28:30.790,0.9469,0.9473,1.60,4.10
2010.09.10 10:28:31.097,0.9469,0.94725,1.60,1.60
2010.09.10 10:28:32.225,0.9469,0.94725,1.60,1.60
2010.09.10 10:28:33.166,0.947,0.94735,1.60,1.70
2010.09.10 10:28:33.465,0.947,0.94735,1.60,1.60
2010.09.10 10:28:33.764,0.947,0.94735,1.60,1.60
2010.09.10 10:28:35.084,0.947,0.94735,1.60,1.60
2010.09.10 10:28:35.926,0.947,0.94735,1.60,1.60
2010.09.10 10:28:36.054,0.94695,0.94735,9.80,1.00
2010.09.10 10:28:36.534,0.94695,0.94735,1.80,1.00
2010.09.10 10:28:36.924,0.94695,0.94735,1.60,1.00
2010.09.10 10:28:37.164,0.94695,0.94735,1.60,1.60
2010.09.10 10:28:38.124,0.94695,0.9473,1.60,1.00
2010.09.10 10:28:40.215,0.94695,0.94735,1.70,1.70
2010.09.10 10:28:40.897,0.94695,0.94735,1.60,1.60
2010.09.10 10:28:41.495,0.94695,0.94735,1.00,1.60
2010.09.10 10:28:41.915,0.947,0.94735,1.60,1.60
2010.09.10 10:28:42.259,0.9469,0.94725,1.70,1.60
2010.09.10 10:28:45.314,0.9469,0.94725,1.60,1.60
