2014.10.13 11:00:00.379,0.83391,0.83411,2.02,1.00
2014.10.13 11:00:00.581,0.83391,0.83414,2.02,1.20
2014.10.13 11:00:00.683,0.83391,0.83411,2.02,1.00
2014.10.13 11:00:01.361,0.83391,0.83411,2.40,1.00
2014.10.13 11:00:02.114,0.83391,0.8341,2.40,1.00
2014.10.13 11:00:02.654,0.83391,0.8341,2.02,1.00
2014.10.13 11:00:04.148,0.83391,0.8341,2.02,1.00
2014.10.13 11:00:07.456,0.83391,0.8341,2.02,1.00
2014.10.13 11:00:07.962,0.83391,0.8341,2.02,1.00
2014.10.13 11:00:09.213,0.83389,0.8341,2.70,1.12
2014.10.13 11:00:09.264,0.83388,0.83411,2.77,1.37
2014.10.13 11:00:09.415,0.83388,0.8341,1.55,1.20
2014.10.13 11:00:09.918,0.83385,0.83409,3.52,1.55
2014.10.13 11:00:11.071,0.83385,0.83409,3.90,1.27
2014.10.13 11:00:11.499,0.83386,0.83405,2.02,1.00
2014.10.13 11:00:11.600,0.83385,0.83405,1.52,1.00
2014.10.13 11:00:12.182,0.83384,0.83405,2.02,1.00
2014.10.13 11:00:12.985,0.83384,0.83405,2.02,1.37
2014.10.13 11:00:16.403,0.83384,0.83405,2.02,1.12
2014.10.13 11:00:20.125,0.83385,0.83405,2.02,1.00
2014.10.13 11:00:20.822,0.83386,0.83407,2.02,1.55
2014.10.13 11:00:21.427,0.83386,0.83407,2.02,1.27
2014.10.13 11:00:24.761,0.83386,0.83407,2.02,1.17
2014.10.13 11:00:24.862,0.83389,0.83408,1.95,1.20
2014.10.13 11:00:25.429,0.83389,0.83409,1.65,1.00
2014.10.13 11:00:25.936,0.83392,0.8341,1.57,1.37
2014.10.13 11:00:26.938,0.83392,0.8341,1.95,1.12
2014.10.13 11:00:27.541,0.83391,0.8341,1.87,1.47
2014.10.13 11:00:28.393,0.83391,0.8341,1.50,1.47
2014.10.13 11:00:29.006,0.83391,0.8341,1.87,1.47
2014.10.13 11:00:30.276,0.83391,0.8341,1.50,1.20
2014.10.13 11:00:33.752,0.83391,0.8341,1.50,1.47
2014.10.13 11:00:34.273,0.83389,0.8341,2.02,1.95
2014.10.13 11:00:35.177,0.83389,0.8341,2.02,1.95
2014.10.13 11:00:35.924,0.83386,0.83409,2.02,1.55
2014.10.13 11:00:36.889,0.83386,0.83409,2.02,1.52
2014.10.13 11:00:37.198,0.83386,0.83408,1.65,1.65
2014.10.13 11:00:37.796,0.83386,0.83408,2.02,1.55
2014.10.13 11:00:38.793,0.83386,0.83408,1.65,1.65
2014.10.13 11:00:39.110,0.83386,0.83408,2.02,1.55
2014.10.13 11:00:39.617,0.83386,0.83408,2.02,1.55
2014.10.13 11:00:42.483,0.83386,0.83408,1.65,1.65
2014.10.13 11:00:46.889,0.83384,0.83405,2.02,1.37
2014.10.13 11:00:48.413,0.83385,0.83405,2.02,1.12
2014.10.13 11:00:50.910,0.83385,0.83405,2.02,1.37
2014.10.13 11:00:54.850,0.83385,0.83405,2.02,1.12
2014.10.13 11:00:55.545,0.83385,0.83405,2.02,1.37
2014.10.13 11:00:56.350,0.83385,0.83406,1.95,1.55
2014.10.13 11:00:56.603,0.83385,0.834,1.95,1.00
2014.10.13 11:00:57.162,0.83385,0.834,1.95,1.00
2014.10.13 11:01:08.483,0.83385,0.83405,2.32,1.45
2014.10.13 11:01:11.521,0.83385,0.83405,2.32,1.45
2014.10.13 11:01:13.997,0.83385,0.83405,2.70,1.45
2014.10.13 11:01:15.600,0.83385,0.83405,2.70,1.45
2014.10.13 11:01:17.603,0.83385,0.83405,2.70,1.45
2014.10.13 11:01:26.542,0.83385,0.83405,1.10,1.45
2014.10.13 11:01:27.735,0.83382,0.834,2.02,1.00
2014.10.13 11:01:27.836,0.83382,0.834,2.02,1.00
2014.10.13 11:01:28.436,0.83381,0.834,2.02,1.12
2014.10.13 11:01:29.618,0.83382,0.834,1.95,1.12
2014.10.13 11:01:30.861,0.83381,0.834,2.02,1.37
2014.10.13 11:01:31.694,0.83381,0.834,2.02,1.00
2014.10.13 11:01:32.333,0.83381,0.834,1.95,1.00
2014.10.13 11:01:32.383,0.83381,0.834,1.87,1.00
2014.10.13 11:01:36.880,0.83381,0.834,1.87,1.12
2014.10.13 11:01:39.849,0.83383,0.834,1.50,1.12
2014.10.13 11:01:40.151,0.83385,0.83403,1.00,1.52
2014.10.13 11:01:40.467,0.83382,0.834,2.02,1.00
2014.10.13 11:01:42.395,0.83381,0.834,1.95,1.37
2014.10.13 11:01:42.446,0.83381,0.834,1.95,1.47
2014.10.13 11:01:43.430,0.8338,0.834,1.27,1.47
2014.10.13 11:01:46.963,0.83379,0.83396,2.77,1.00
2014.10.13 11:01:47.951,0.8338,0.834,1.55,1.47
2014.10.13 11:01:48.505,0.8338,0.834,1.27,1.20
2014.10.13 11:01:50.372,0.83379,0.83395,2.77,1.00
2014.10.13 11:01:50.592,0.83379,0.83401,2.02,1.55
2014.10.13 11:01:51.130,0.8338,0.834,1.55,1.20
2014.10.13 11:01:52.713,0.8338,0.834,1.27,1.20
2014.10.13 11:01:55.551,0.8338,0.834,1.55,1.20
2014.10.13 11:01:56.054,0.8338,0.834,2.77,1.00
2014.10.13 11:01:59.225,0.83382,0.834,2.02,1.00
2014.10.13 11:02:01.811,0.83382,0.83401,2.02,1.00
2014.10.13 11:02:02.152,0.8338,0.83403,5.32,1.07
2014.10.13 11:02:02.203,0.83386,0.83405,1.87,1.65
2014.10.13 11:02:02.606,0.8339,0.8341,1.00,1.37
2014.10.13 11:02:02.908,0.8339,0.83409,1.15,1.37
2014.10.13 11:02:03.431,0.83388,0.83405,2.32,1.00
2014.10.13 11:02:03.583,0.83388,0.83408,2.32,1.00
2014.10.13 11:02:03.684,0.83389,0.8341,1.65,1.50
2014.10.13 11:02:05.895,0.83388,0.8341,1.55,1.20
2014.10.13 11:02:06.645,0.83388,0.8341,1.52,1.00
2014.10.13 11:02:09.768,0.83389,0.83411,1.55,1.12
2014.10.13 11:02:10.194,0.83387,0.83405,2.77,1.00
2014.10.13 11:02:10.653,0.83388,0.8341,2.02,1.00
2014.10.13 11:02:23.581,0.83387,0.8341,2.77,1.37
2014.10.13 11:02:24.268,0.83387,0.8341,2.77,1.37
2014.10.13 11:02:27.787,0.83387,0.8341,2.77,1.47
2014.10.13 11:02:31.997,0.83387,0.83411,2.77,2.02
2014.10.13 11:02:34.902,0.83387,0.83411,2.77,2.02
2014.10.13 11:02:36.453,0.83387,0.83411,2.77,2.02
2014.10.13 11:02:38.661,0.83386,0.8341,3.45,3.52
2014.10.13 11:02:41.543,0.83386,0.8341,3.45,3.45
2014.10.13 11:02:42.793,0.83386,0.8341,3.45,3.45
2014.10.13 11:02:44.756,0.83386,0.8341,3.45,3.45
2014.10.13 11:02:45.561,0.83386,0.8341,3.45,3.45
2014.10.13 11:02:46.395,0.83386,0.8341,3.45,3.45
2014.10.13 11:02:50.177,0.83386,0.8341,3.45,3.45
2014.10.13 11:03:01.631,0.83386,0.8341,5.32,1.57
2014.10.13 11:03:02.221,0.83386,0.8341,5.32,1.95
2014.10.13 11:03:06.473,0.83386,0.8341,4.95,1.57
2014.10.13 11:03:06.843,0.83386,0.83405,4.95,1.00
2014.10.13 11:03:07.356,0.83386,0.83405,1.52,1.00
2014.10.13 11:03:09.195,0.83385,0.83405,1.52,1.00
2014.10.13 11:03:14.410,0.83383,0.834,4.95,1.00
2014.10.13 11:03:14.741,0.83384,0.83406,2.77,1.12
2014.10.13 11:03:19.217,0.83384,0.83406,1.27,1.37
2014.10.13 11:03:19.268,0.83383,0.834,4.95,1.00
2014.10.13 11:03:21.228,0.83383,0.834,4.57,1.00
2014.10.13 11:03:21.780,0.83385,0.83405,1.52,1.00
2014.10.13 11:03:26.049,0.83385,0.83405,1.52,1.00
2014.10.13 11:03:27.610,0.83384,0.83406,1.52,1.00
2014.10.13 11:03:28.226,0.83385,0.83405,1.52,1.00
2014.10.13 11:03:29.952,0.83385,0.83405,1.52,1.00
2014.10.13 11:03:31.055,0.83385,0.83405,1.52,1.00
2014.10.13 11:03:32.960,0.83385,0.83405,1.52,1.00
2014.10.13 11:03:36.969,0.83385,0.83405,1.52,1.00
2014.10.13 11:03:37.628,0.83385,0.83405,1.52,1.00
2014.10.13 11:03:38.881,0.83385,0.83405,1.52,1.00
2014.10.13 11:03:38.988,0.83385,0.83405,1.52,1.00
2014.10.13 11:03:47.338,0.83383,0.834,2.70,1.00
2014.10.13 11:03:49.059,0.83384,0.83406,2.77,1.37
2014.10.13 11:03:49.311,0.83382,0.83401,4.20,1.00
2014.10.13 11:03:49.622,0.83385,0.83405,1.55,1.20
2014.10.13 11:03:49.939,0.83382,0.834,4.20,1.00
2014.10.13 11:03:53.458,0.83385,0.83405,1.55,1.10
2014.10.13 11:03:54.434,0.83385,0.83405,1.55,1.10
2014.10.13 11:03:54.884,0.83383,0.834,2.02,1.00
2014.10.13 11:03:55.790,0.83383,0.834,2.02,1.00
2014.10.13 11:03:58.783,0.83383,0.834,2.02,1.00
2014.10.13 11:04:00.186,0.83383,0.834,2.02,1.00
2014.10.13 11:04:00.842,0.83383,0.834,2.02,1.00
2014.10.13 11:04:01.057,0.83382,0.834,2.02,1.00
2014.10.13 11:04:01.571,0.83382,0.834,2.02,1.00
2014.10.13 11:04:02.839,0.83385,0.834,1.50,1.00
2014.10.13 11:04:02.991,0.83383,0.83403,2.02,1.00
2014.10.13 11:04:03.609,0.83383,0.83405,2.02,2.02
2014.10.13 11:04:05.420,0.83381,0.83405,2.77,2.02
2014.10.13 11:04:08.609,0.83381,0.83405,1.52,3.52
2014.10.13 11:04:11.093,0.83381,0.83405,1.52,2.77
2014.10.13 11:04:15.708,0.83381,0.83405,1.52,2.40
2014.10.13 11:04:16.513,0.83381,0.83405,3.15,1.27
2014.10.13 11:04:16.917,0.83381,0.83405,2.77,1.27
2014.10.13 11:04:17.579,0.83381,0.83404,1.52,1.50
2014.10.13 11:04:17.843,0.83381,0.834,1.52,1.00
2014.10.13 11:04:18.506,0.83381,0.834,1.55,1.00
2014.10.13 11:04:21.041,0.83381,0.834,1.55,1.00
2014.10.13 11:04:22.761,0.83381,0.834,1.55,1.00
2014.10.13 11:04:25.765,0.83381,0.834,1.55,1.00
2014.10.13 11:04:26.280,0.83381,0.834,1.55,1.00
2014.10.13 11:04:38.855,0.83379,0.834,3.45,1.00
2014.10.13 11:04:47.260,0.83379,0.834,1.52,1.00
2014.10.13 11:04:51.393,0.83379,0.834,3.45,1.12
2014.10.13 11:05:12.988,0.83379,0.83401,3.45,1.12
2014.10.13 11:05:13.571,0.83379,0.834,3.45,1.00
2014.10.13 11:05:14.459,0.8338,0.83402,1.52,1.87
2014.10.13 11:05:15.092,0.83379,0.834,3.45,1.00
2014.10.13 11:05:16.270,0.83379,0.834,3.45,1.37
2014.10.13 11:05:16.321,0.83376,0.834,3.45,1.47
2014.10.13 11:05:16.523,0.8338,0.834,2.32,1.00
2014.10.13 11:05:16.674,0.83385,0.83407,1.10,2.40
2014.10.13 11:05:16.825,0.83385,0.83407,1.15,2.32
2014.10.13 11:05:17.127,0.83385,0.83405,1.17,1.57
2014.10.13 11:05:18.066,0.83382,0.834,2.70,1.00
2014.10.13 11:05:18.267,0.8338,0.834,3.45,1.00
2014.10.13 11:05:19.590,0.8338,0.83403,3.45,1.95
2014.10.13 11:05:19.691,0.83381,0.83405,3.15,1.27
2014.10.13 11:05:19.741,0.83382,0.83405,2.70,1.12
2014.10.13 11:05:19.842,0.83384,0.83405,2.70,1.12
2014.10.13 11:05:22.168,0.83382,0.83404,3.45,1.50
2014.10.13 11:05:25.668,0.83382,0.83403,3.45,1.50
2014.10.13 11:05:26.030,0.83382,0.83405,3.07,1.10
2014.10.13 11:05:26.533,0.83382,0.83405,2.70,1.20
2014.10.13 11:05:31.897,0.83382,0.83405,3.07,1.10
2014.10.13 11:05:34.850,0.83386,0.83405,2.70,1.00
2014.10.13 11:05:35.152,0.83393,0.83415,2.25,2.32
2014.10.13 11:05:35.462,0.83395,0.83415,1.10,1.85
2014.10.13 11:05:35.917,0.83391,0.8341,2.32,1.37
2014.10.13 11:05:36.140,0.83391,0.8341,2.32,1.00
2014.10.13 11:05:38.217,0.83391,0.83411,2.32,1.12
2014.10.13 11:05:39.199,0.83389,0.83411,2.70,1.12
2014.10.13 11:05:39.979,0.83389,0.8341,2.70,1.00
2014.10.13 11:05:40.303,0.83388,0.8341,1.52,2.77
2014.10.13 11:05:40.404,0.83385,0.83405,3.15,1.00
2014.10.13 11:05:40.454,0.83385,0.83405,1.52,1.00
2014.10.13 11:05:41.026,0.83385,0.83405,1.52,1.00
2014.10.13 11:05:41.629,0.83385,0.83405,1.52,1.00
2014.10.13 11:05:43.133,0.83385,0.83405,1.52,1.00
2014.10.13 11:05:43.633,0.83385,0.83405,1.52,1.00
2014.10.13 11:05:44.537,0.83385,0.83405,1.52,1.00
2014.10.13 11:05:45.057,0.83385,0.83405,1.27,1.37
2014.10.13 11:05:45.571,0.83385,0.83405,1.52,1.12
2014.10.13 11:05:45.776,0.83382,0.83401,4.87,1.00
2014.10.13 11:05:46.396,0.83382,0.834,4.87,1.00
2014.10.13 11:05:46.899,0.83385,0.83404,1.10,1.87
2014.10.13 11:05:47.111,0.83381,0.834,2.70,1.00
2014.10.13 11:05:49.649,0.83385,0.83405,1.10,2.70
2014.10.13 11:05:51.470,0.83381,0.83405,4.57,1.10
2014.10.13 11:05:51.621,0.83384,0.83407,3.45,1.50
2014.10.13 11:05:51.873,0.83387,0.83411,2.02,1.52
2014.10.13 11:05:52.183,0.83392,0.83413,2.70,1.50
2014.10.13 11:05:52.502,0.83394,0.83416,2.70,1.37
2014.10.13 11:05:53.333,0.83394,0.83415,2.70,1.87
2014.10.13 11:05:53.434,0.83392,0.83415,2.70,1.87
2014.10.13 11:05:54.035,0.83392,0.83415,2.32,1.50
2014.10.13 11:05:54.959,0.83392,0.83415,2.70,2.62
2014.10.13 11:05:55.507,0.83392,0.83415,2.70,1.12
2014.10.13 11:05:56.376,0.83392,0.8341,2.70,1.00
2014.10.13 11:06:00.649,0.83392,0.83415,2.70,1.37
2014.10.13 11:06:00.700,0.83392,0.83415,4.20,1.12
2014.10.13 11:06:01.583,0.83392,0.83415,2.70,1.37
2014.10.13 11:06:02.353,0.83392,0.83415,2.70,1.37
2014.10.13 11:06:02.764,0.8339,0.8341,3.45,1.00
2014.10.13 11:06:11.977,0.8339,0.8341,3.82,1.00
2014.10.13 11:06:12.509,0.8339,0.8341,3.45,1.00
2014.10.13 11:06:15.819,0.8339,0.83405,2.70,1.00
2014.10.13 11:06:16.809,0.8339,0.83406,2.70,1.00
2014.10.13 11:06:17.337,0.8339,0.83405,2.70,1.00
2014.10.13 11:06:20.969,0.83391,0.83405,2.32,1.00
2014.10.13 11:06:21.439,0.83391,0.8341,2.02,1.00
2014.10.13 11:06:22.165,0.83391,0.8341,2.70,1.00
2014.10.13 11:06:22.266,0.83393,0.8341,2.32,1.00
2014.10.13 11:06:22.317,0.83393,0.83415,2.32,1.37
2014.10.13 11:06:23.240,0.83394,0.83415,2.70,1.12
2014.10.13 11:06:23.341,0.83394,0.83415,2.70,1.37
2014.10.13 11:06:23.442,0.83392,0.83415,2.70,2.70
2014.10.13 11:06:23.644,0.8339,0.8341,4.95,1.00
2014.10.13 11:06:23.947,0.8339,0.83405,2.70,1.00
2014.10.13 11:06:25.039,0.8339,0.8341,3.07,1.12
2014.10.13 11:06:30.493,0.83391,0.8341,2.70,1.00
2014.10.13 11:06:31.030,0.83391,0.83411,2.70,1.00
2014.10.13 11:06:32.180,0.8339,0.83411,4.87,1.00
2014.10.13 11:06:32.658,0.8339,0.83405,4.87,1.00
2014.10.13 11:06:32.759,0.83388,0.83405,2.70,1.00
2014.10.13 11:06:35.099,0.83388,0.8341,4.20,1.00
2014.10.13 11:06:35.300,0.83391,0.8341,2.70,1.00
2014.10.13 11:06:36.104,0.83391,0.83411,2.70,1.00
2014.10.13 11:06:37.447,0.83391,0.83411,2.70,1.37
2014.10.13 11:06:37.790,0.83388,0.83405,2.70,1.00
2014.10.13 11:06:37.891,0.83385,0.83405,2.70,1.00
2014.10.13 11:06:38.408,0.83384,0.83406,2.32,2.62
2014.10.13 11:06:40.438,0.83384,0.83406,2.32,2.62
2014.10.13 11:06:40.958,0.83384,0.83405,2.32,1.00
2014.10.13 11:06:42.478,0.83384,0.83405,2.32,1.37
2014.10.13 11:06:42.579,0.83381,0.83405,4.20,1.47
2014.10.13 11:06:42.931,0.83381,0.834,2.70,1.00
2014.10.13 11:06:43.233,0.83381,0.83395,2.70,1.00
2014.10.13 11:06:47.016,0.83381,0.834,2.70,1.00
2014.10.13 11:06:47.447,0.83381,0.83405,2.70,1.20
2014.10.13 11:06:48.067,0.83381,0.83405,2.70,1.47
2014.10.13 11:06:51.081,0.83381,0.83405,2.70,1.10
2014.10.13 11:06:51.485,0.83381,0.834,4.20,1.00
2014.10.13 11:06:53.164,0.83381,0.83405,4.20,1.95
2014.10.13 11:06:53.557,0.83381,0.834,4.20,1.00
2014.10.13 11:06:55.129,0.83381,0.83405,4.20,1.20
2014.10.13 11:06:56.022,0.83381,0.83405,4.20,1.47
2014.10.13 11:06:56.307,0.83381,0.834,4.20,1.00
2014.10.13 11:06:59.499,0.83381,0.83401,2.70,1.00
2014.10.13 11:07:01.036,0.83381,0.834,2.70,1.00
2014.10.13 11:07:02.824,0.8338,0.834,5.62,1.00
2014.10.13 11:07:05.981,0.8338,0.834,3.82,1.00
2014.10.13 11:07:06.428,0.83385,0.83404,1.20,1.12
2014.10.13 11:07:06.537,0.83381,0.834,4.87,1.00
2014.10.13 11:07:06.797,0.83385,0.83404,1.20,1.37
2014.10.13 11:07:06.897,0.83381,0.834,6.37,1.00
2014.10.13 11:07:07.305,0.83386,0.83405,2.70,1.00
2014.10.13 11:07:07.406,0.83386,0.83405,1.65,1.37
2014.10.13 11:07:07.708,0.83382,0.83405,2.32,1.57
2014.10.13 11:07:08.056,0.83381,0.83405,3.82,1.57
2014.10.13 11:07:08.358,0.83379,0.83395,4.95,1.00
2014.10.13 11:07:08.517,0.83379,0.83401,4.20,1.00
2014.10.13 11:07:09.158,0.83379,0.83401,5.70,1.37
2014.10.13 11:07:09.669,0.83381,0.834,2.02,1.00
2014.10.13 11:07:11.066,0.8338,0.834,2.02,1.37
2014.10.13 11:07:11.616,0.83381,0.834,2.02,1.12
2014.10.13 11:07:12.220,0.83379,0.834,4.95,1.37
2014.10.13 11:07:14.872,0.83379,0.834,4.95,1.12
2014.10.13 11:07:15.386,0.8338,0.834,2.02,1.37
2014.10.13 11:07:16.468,0.8338,0.834,2.02,1.37
2014.10.13 11:07:17.599,0.8338,0.834,2.02,1.37
2014.10.13 11:07:18.182,0.8338,0.834,2.02,1.37
2014.10.13 11:07:19.017,0.8338,0.83405,2.02,5.32
2014.10.13 11:07:19.627,0.8338,0.83405,2.02,4.20
2014.10.13 11:07:19.962,0.83382,0.83405,2.02,1.52
2014.10.13 11:07:20.271,0.8338,0.834,4.95,1.00
2014.10.13 11:07:21.719,0.8338,0.83395,4.20,1.00
2014.10.13 11:07:21.937,0.8338,0.83401,4.20,1.12
2014.10.13 11:07:24.597,0.8338,0.83401,4.20,1.37
2014.10.13 11:07:25.768,0.8338,0.83401,4.20,1.12
2014.10.13 11:07:27.101,0.83382,0.83401,2.70,1.12
2014.10.13 11:07:27.952,0.83382,0.83405,4.20,1.87
2014.10.13 11:07:28.461,0.83383,0.83405,6.37,1.37
2014.10.13 11:07:29.046,0.83384,0.83405,2.02,1.37
2014.10.13 11:07:29.398,0.83385,0.83405,6.37,1.12
2014.10.13 11:07:30.760,0.83387,0.83409,2.70,1.37
2014.10.13 11:07:30.912,0.83388,0.8341,6.37,1.87
2014.10.13 11:07:31.427,0.83388,0.8341,4.87,1.37
2014.10.13 11:07:31.528,0.83388,0.8341,4.50,1.00
2014.10.13 11:07:32.715,0.83388,0.8341,4.87,1.37
2014.10.13 11:07:33.766,0.83388,0.8341,4.87,1.37
2014.10.13 11:07:34.068,0.83386,0.8341,2.40,1.82
2014.10.13 11:07:34.169,0.83385,0.83405,1.15,1.00
2014.10.13 11:07:34.464,0.83383,0.83405,1.17,2.32
2014.10.13 11:07:34.517,0.8338,0.83402,3.82,1.50
2014.10.13 11:07:35.106,0.8338,0.83401,2.32,1.00
2014.10.13 11:07:36.131,0.8338,0.83401,2.32,1.37
2014.10.13 11:07:36.688,0.8338,0.83401,2.70,1.37
2014.10.13 11:07:38.440,0.8338,0.83401,2.70,1.37
2014.10.13 11:07:40.477,0.83379,0.83401,2.32,1.37
2014.10.13 11:07:40.779,0.83379,0.83395,2.32,1.00
2014.10.13 11:07:42.178,0.8338,0.834,1.15,1.37
2014.10.13 11:07:43.826,0.83379,0.83396,2.70,1.00
2014.10.13 11:07:44.823,0.83379,0.83401,3.45,1.37
2014.10.13 11:07:45.706,0.83379,0.83395,4.20,1.00
2014.10.13 11:07:46.136,0.8338,0.83401,4.87,1.37
2014.10.13 11:07:48.336,0.8338,0.83395,4.87,1.00
2014.10.13 11:07:51.086,0.8338,0.834,5.62,1.37
2014.10.13 11:07:51.575,0.83382,0.83405,2.02,1.37
2014.10.13 11:07:58.660,0.83384,0.83404,1.65,1.37
2014.10.13 11:07:58.711,0.83387,0.83404,1.65,1.00
2014.10.13 11:07:59.013,0.8339,0.83405,2.32,1.00
2014.10.13 11:07:59.365,0.83392,0.8341,1.65,1.37
2014.10.13 11:07:59.416,0.83392,0.8341,1.65,1.00
2014.10.13 11:07:59.467,0.8339,0.83415,4.57,2.02
2014.10.13 11:08:00.016,0.83391,0.83414,2.32,1.87
2014.10.13 11:08:00.229,0.83391,0.83414,2.32,2.25
2014.10.13 11:08:00.402,0.83391,0.83414,2.32,1.87
2014.10.13 11:08:00.803,0.83391,0.83414,2.70,2.25
2014.10.13 11:08:01.005,0.83389,0.8341,2.02,1.87
2014.10.13 11:08:01.105,0.83388,0.83405,3.45,1.00
2014.10.13 11:08:01.746,0.83388,0.83405,3.07,1.37
2014.10.13 11:08:01.847,0.83387,0.83405,1.17,1.37
2014.10.13 11:08:02.048,0.83382,0.83405,3.07,2.62
2014.10.13 11:08:02.149,0.83382,0.83405,1.15,2.77
2014.10.13 11:08:03.114,0.83381,0.83402,1.27,1.87
2014.10.13 11:08:05.029,0.83381,0.83402,1.15,1.87
2014.10.13 11:08:05.574,0.83381,0.83403,1.55,1.95
2014.10.13 11:08:06.136,0.83381,0.83403,1.55,1.95
2014.10.13 11:08:13.253,0.83382,0.83403,1.20,1.95
2014.10.13 11:08:13.354,0.83382,0.83405,1.52,2.62
2014.10.13 11:08:13.656,0.83384,0.834,2.32,1.37
2014.10.13 11:08:13.858,0.83382,0.834,1.15,1.37
2014.10.13 11:08:13.908,0.83382,0.83397,1.15,1.50
2014.10.13 11:08:14.060,0.83377,0.83398,2.32,1.50
2014.10.13 11:08:14.362,0.83381,0.834,2.32,1.00
2014.10.13 11:08:14.685,0.83383,0.834,2.32,1.00
2014.10.13 11:08:15.117,0.83385,0.83403,1.17,1.50
2014.10.13 11:08:15.418,0.83385,0.83408,1.17,1.17
2014.10.13 11:08:15.518,0.83384,0.83408,3.15,1.00
2014.10.13 11:08:15.569,0.83386,0.83408,2.32,1.00
2014.10.13 11:08:15.914,0.83385,0.83405,3.07,1.00
2014.10.13 11:08:17.196,0.83385,0.83408,3.45,1.10
2014.10.13 11:08:18.435,0.83387,0.83408,1.27,1.95
2014.10.13 11:08:18.958,0.83387,0.83408,1.27,1.95
2014.10.13 11:08:20.177,0.83387,0.83409,1.10,2.02
2014.10.13 11:08:21.424,0.83387,0.83409,1.10,2.02
2014.10.13 11:08:22.413,0.83387,0.83407,1.10,1.95
2014.10.13 11:08:23.621,0.83387,0.83407,1.10,1.95
2014.10.13 11:08:27.934,0.83387,0.83407,1.20,1.95
2014.10.13 11:08:28.839,0.83387,0.83407,1.10,1.95
2014.10.13 11:08:29.375,0.83387,0.83409,1.20,2.02
2014.10.13 11:08:38.558,0.83386,0.83409,1.20,2.02
2014.10.13 11:08:39.561,0.83386,0.83408,1.20,1.95
2014.10.13 11:08:41.772,0.83386,0.83409,1.20,2.40
2014.10.13 11:08:42.304,0.83386,0.83409,1.07,2.02
2014.10.13 11:08:42.508,0.83386,0.8341,1.52,1.65
2014.10.13 11:08:42.559,0.8339,0.8341,2.62,1.57
2014.10.13 11:08:42.710,0.83391,0.83412,2.70,1.12
2014.10.13 11:08:42.912,0.83393,0.83415,1.52,2.70
2014.10.13 11:08:42.962,0.83394,0.83415,2.70,1.12
2014.10.13 11:08:43.113,0.83394,0.83415,1.20,2.70
2014.10.13 11:08:43.164,0.83394,0.83413,1.20,1.57
2014.10.13 11:08:43.582,0.83393,0.83415,3.45,2.62
2014.10.13 11:08:44.689,0.83395,0.83415,2.02,1.87
2014.10.13 11:08:45.190,0.83395,0.83416,2.02,1.95
2014.10.13 11:08:47.406,0.83395,0.83416,2.02,1.95
2014.10.13 11:08:47.939,0.83395,0.83416,2.02,1.95
2014.10.13 11:08:48.499,0.83395,0.83417,2.02,2.02
2014.10.13 11:08:48.937,0.83395,0.83417,3.45,1.87
2014.10.13 11:08:49.839,0.83395,0.83417,3.45,1.87
2014.10.13 11:08:50.606,0.83395,0.83417,3.45,1.87
2014.10.13 11:08:51.109,0.83395,0.83417,4.20,1.87
2014.10.13 11:08:51.841,0.83395,0.83415,3.82,1.50
2014.10.13 11:08:53.018,0.83395,0.83418,4.20,1.95
2014.10.13 11:08:53.806,0.83395,0.83417,4.20,1.87
2014.10.13 11:08:53.856,0.83395,0.83417,3.45,2.62
2014.10.13 11:08:53.907,0.83395,0.83415,3.45,1.00
2014.10.13 11:08:54.008,0.83395,0.83413,1.27,1.50
2014.10.13 11:08:54.260,0.83395,0.83412,1.17,1.87
2014.10.13 11:08:55.916,0.83394,0.83416,1.27,2.70
2014.10.13 11:08:56.219,0.83394,0.8341,1.27,1.00
2014.10.13 11:09:07.656,0.83395,0.83413,1.17,1.87
2014.10.13 11:09:07.807,0.83395,0.83415,1.17,2.62
2014.10.13 11:09:07.920,0.83395,0.83413,1.27,1.50
2014.10.13 11:09:08.460,0.83395,0.83413,1.15,1.50
2014.10.13 11:09:09.178,0.83395,0.83413,1.07,1.87
2014.10.13 11:09:09.229,0.83395,0.83412,1.00,1.87
2014.10.13 11:09:09.329,0.83389,0.83405,3.07,1.00
2014.10.13 11:09:09.430,0.8339,0.8341,1.15,1.00
2014.10.13 11:09:09.481,0.8339,0.83408,1.15,1.50
2014.10.13 11:09:09.683,0.8339,0.8341,2.32,1.50
2014.10.13 11:09:09.784,0.8339,0.83412,1.15,1.57
2014.10.13 11:09:09.834,0.8339,0.83412,3.07,1.50
2014.10.13 11:09:10.225,0.83391,0.8341,1.15,1.00
2014.10.13 11:09:10.326,0.83391,0.83412,1.15,1.50
2014.10.13 11:09:10.590,0.83391,0.83412,1.15,1.87
2014.10.13 11:09:11.439,0.8339,0.83412,3.45,1.87
2014.10.13 11:09:12.096,0.8339,0.83412,3.45,1.87
2014.10.13 11:09:12.715,0.8339,0.83412,3.45,1.87
2014.10.13 11:09:13.228,0.8339,0.83409,3.45,1.87
2014.10.13 11:09:14.106,0.8339,0.83409,3.45,1.50
2014.10.13 11:09:14.963,0.8339,0.83412,3.45,1.87
2014.10.13 11:09:15.413,0.8339,0.83409,3.07,1.87
2014.10.13 11:09:15.887,0.8339,0.83405,2.32,1.00
2014.10.13 11:09:16.725,0.83388,0.83405,2.70,1.00
2014.10.13 11:09:17.214,0.8339,0.83409,1.15,1.87
2014.10.13 11:09:17.425,0.8339,0.83413,1.52,2.02
2014.10.13 11:09:17.974,0.8339,0.83413,1.27,2.02
2014.10.13 11:09:18.246,0.8339,0.83413,1.27,2.02
2014.10.13 11:09:18.798,0.83388,0.83409,3.45,1.87
2014.10.13 11:09:19.317,0.83388,0.83409,3.45,1.87
2014.10.13 11:09:20.984,0.8339,0.83407,1.27,1.50
2014.10.13 11:09:21.911,0.8339,0.83408,1.52,1.50
2014.10.13 11:09:31.471,0.83389,0.83408,1.15,1.87
2014.10.13 11:09:31.574,0.83389,0.83405,1.15,1.50
2014.10.13 11:09:43.602,0.83388,0.83405,1.27,1.50
2014.10.13 11:10:02.715,0.83385,0.83401,3.45,1.50
2014.10.13 11:10:03.856,0.83384,0.83401,4.20,1.50
2014.10.13 11:10:12.403,0.83384,0.83401,2.02,1.50
2014.10.13 11:10:25.495,0.83384,0.834,1.52,1.00
2014.10.13 11:10:34.416,0.83385,0.83401,1.55,1.50
2014.10.13 11:10:34.767,0.83385,0.83402,1.55,1.50
2014.10.13 11:10:35.194,0.83386,0.83405,1.45,1.50
2014.10.13 11:10:36.502,0.83387,0.83405,1.55,1.50
2014.10.13 11:10:36.822,0.83388,0.83407,1.47,1.50
2014.10.13 11:10:41.879,0.83389,0.83407,1.37,1.50
2014.10.13 11:10:42.745,0.83389,0.83407,1.37,1.50
2014.10.13 11:11:04.010,0.83389,0.83407,1.92,1.50
2014.10.13 11:11:04.060,0.83389,0.83411,1.92,1.17
2014.10.13 11:11:04.161,0.83395,0.83412,1.12,1.50
2014.10.13 11:11:04.263,0.83395,0.83413,1.27,1.50
2014.10.13 11:11:04.912,0.83396,0.83413,1.45,1.50
2014.10.13 11:11:04.963,0.83396,0.83416,1.45,1.50
2014.10.13 11:11:05.188,0.83395,0.83412,2.02,1.50
2014.10.13 11:11:07.395,0.83397,0.83415,1.47,1.00
2014.10.13 11:11:07.698,0.83396,0.83413,1.52,1.50
2014.10.13 11:11:08.555,0.83395,0.83413,1.52,1.50
2014.10.13 11:11:08.605,0.83395,0.83415,1.52,2.25
2014.10.13 11:11:09.133,0.83399,0.83415,1.12,1.50
2014.10.13 11:11:09.484,0.83397,0.83419,1.52,1.95
2014.10.13 11:11:09.635,0.83396,0.83415,1.52,1.00
2014.10.13 11:11:09.787,0.83396,0.83414,1.55,1.50
2014.10.13 11:11:10.051,0.83397,0.83414,1.52,1.50
2014.10.13 11:11:10.104,0.83397,0.83418,1.52,1.87
2014.10.13 11:11:10.154,0.83397,0.83418,1.65,1.50
2014.10.13 11:11:11.127,0.83398,0.83418,1.52,1.50
2014.10.13 11:11:18.149,0.83398,0.83418,1.55,1.57
2014.10.13 11:11:18.744,0.834,0.83418,1.55,1.50
2014.10.13 11:11:20.154,0.834,0.83418,1.55,1.50
2014.10.13 11:11:20.485,0.83397,0.83416,3.45,1.50
2014.10.13 11:11:21.124,0.83397,0.83413,2.70,1.50
2014.10.13 11:11:21.484,0.83397,0.83416,2.70,1.50
2014.10.13 11:11:23.404,0.83396,0.83415,1.52,1.00
2014.10.13 11:11:23.455,0.83396,0.83413,1.52,1.50
2014.10.13 11:11:24.007,0.83396,0.83414,1.52,1.50
2014.10.13 11:11:24.419,0.83396,0.83414,1.65,1.50
2014.10.13 11:11:25.944,0.83396,0.83415,1.65,1.00
2014.10.13 11:11:26.455,0.83396,0.83415,1.52,1.00
2014.10.13 11:11:27.574,0.83396,0.83415,1.65,2.25
2014.10.13 11:11:28.253,0.83396,0.83414,1.65,1.50
2014.10.13 11:11:29.074,0.83396,0.83415,1.65,1.00
2014.10.13 11:11:29.716,0.83396,0.83415,1.52,2.25
2014.10.13 11:11:31.104,0.83396,0.83415,1.65,1.50
2014.10.13 11:11:31.155,0.83398,0.83417,1.55,1.50
2014.10.13 11:11:32.832,0.83398,0.83417,1.55,1.50
2014.10.13 11:11:33.345,0.83396,0.83417,1.65,1.50
2014.10.13 11:11:33.396,0.83396,0.83415,1.65,1.00
2014.10.13 11:11:33.708,0.83395,0.83413,3.82,1.50
2014.10.13 11:11:34.243,0.83395,0.83413,3.45,1.50
2014.10.13 11:11:34.767,0.83395,0.83414,3.45,1.50
2014.10.13 11:11:37.384,0.83395,0.83415,4.20,2.25
2014.10.13 11:11:37.919,0.83395,0.83415,4.57,2.25
2014.10.13 11:11:39.849,0.83397,0.83416,2.70,2.25
2014.10.13 11:11:40.156,0.834,0.83416,2.70,1.00
2014.10.13 11:11:40.461,0.834,0.83417,1.55,1.50
2014.10.13 11:11:40.757,0.83396,0.83415,5.25,1.00
2014.10.13 11:11:41.435,0.83398,0.83415,2.70,1.00
2014.10.13 11:11:41.636,0.83398,0.83415,1.27,1.00
2014.10.13 11:12:01.851,0.83396,0.83415,1.52,1.00
2014.10.13 11:12:02.930,0.83396,0.83415,1.52,1.00
2014.10.13 11:12:04.303,0.83396,0.83415,1.52,1.00
2014.10.13 11:12:11.435,0.83396,0.83416,1.52,1.00
2014.10.13 11:12:11.536,0.834,0.8342,1.00,1.07
2014.10.13 11:12:11.586,0.834,0.8342,1.15,1.00
2014.10.13 11:12:11.889,0.83397,0.83411,1.55,1.00
2014.10.13 11:12:12.392,0.83393,0.8341,1.90,1.00
2014.10.13 11:12:12.694,0.83392,0.83405,3.82,1.00
2014.10.13 11:12:12.846,0.83392,0.83405,3.45,1.00
2014.10.13 11:12:13.590,0.83392,0.83405,1.15,1.00
2014.10.13 11:12:17.364,0.83389,0.83405,5.25,1.00
2014.10.13 11:12:17.716,0.8339,0.8341,2.02,1.00
2014.10.13 11:12:17.918,0.8339,0.83405,1.52,1.00
2014.10.13 11:12:18.481,0.8339,0.83405,1.52,1.00
2014.10.13 11:12:20.776,0.8339,0.83411,1.52,2.62
2014.10.13 11:12:21.476,0.83393,0.83413,1.27,1.87
2014.10.13 11:12:22.062,0.83394,0.83413,1.00,1.87
2014.10.13 11:12:22.112,0.83394,0.8341,1.00,1.00
2014.10.13 11:12:22.862,0.83392,0.8341,1.52,1.00
2014.10.13 11:12:23.164,0.83391,0.83405,1.27,1.00
2014.10.13 11:12:28.153,0.8339,0.83405,1.17,1.00
2014.10.13 11:12:30.840,0.83387,0.83405,1.52,1.00
2014.10.13 11:12:33.034,0.83388,0.83405,1.52,1.00
2014.10.13 11:12:33.752,0.8339,0.8341,2.02,1.37
2014.10.13 11:12:34.111,0.8339,0.83405,1.47,1.00
2014.10.13 11:12:36.056,0.8339,0.83405,1.27,1.00
2014.10.13 11:12:36.649,0.8339,0.83405,1.57,1.00
2014.10.13 11:12:38.812,0.8339,0.8341,2.02,1.12
2014.10.13 11:12:39.224,0.83392,0.8341,1.45,1.00
2014.10.13 11:12:39.386,0.83392,0.83413,1.52,1.87
2014.10.13 11:12:40.182,0.83392,0.83415,1.52,2.77
2014.10.13 11:12:40.620,0.83392,0.83411,1.52,1.50
2014.10.13 11:12:40.821,0.83392,0.83414,3.45,1.50
2014.10.13 11:12:41.394,0.83392,0.83414,3.45,1.87
2014.10.13 11:12:45.305,0.83392,0.83415,3.45,2.62
2014.10.13 11:12:49.121,0.83394,0.83416,1.52,1.47
2014.10.13 11:12:49.622,0.83395,0.83415,1.27,1.37
2014.10.13 11:12:50.309,0.83395,0.83416,1.55,1.47
2014.10.13 11:12:52.011,0.83395,0.83416,1.55,1.20
2014.10.13 11:12:52.322,0.834,0.8342,1.20,2.62
2014.10.13 11:12:52.643,0.83402,0.83422,1.07,1.95
2014.10.13 11:12:53.182,0.83401,0.83421,1.27,2.25
2014.10.13 11:12:54.330,0.834,0.8342,1.52,1.00
2014.10.13 11:12:56.729,0.834,0.8342,1.55,1.12
2014.10.13 11:12:57.274,0.834,0.8342,1.55,1.37
2014.10.13 11:12:58.141,0.834,0.8342,1.55,1.12
2014.10.13 11:12:59.091,0.834,0.8342,1.55,1.37
2014.10.13 11:13:04.163,0.834,0.8342,1.27,1.37
2014.10.13 11:13:04.683,0.834,0.83419,1.00,2.02
2014.10.13 11:13:17.186,0.834,0.83417,1.00,1.95
2014.10.13 11:13:22.426,0.834,0.83417,1.00,1.57
2014.10.13 11:13:23.930,0.834,0.83417,1.00,1.95
2014.10.13 11:13:26.913,0.834,0.83417,1.00,1.87
2014.10.13 11:13:27.446,0.834,0.83417,1.00,1.87
2014.10.13 11:13:34.933,0.834,0.8342,1.12,2.02
2014.10.13 11:13:35.184,0.834,0.83419,1.47,1.50
2014.10.13 11:13:35.812,0.834,0.8342,1.47,2.70
2014.10.13 11:13:36.115,0.834,0.83418,1.12,1.95
2014.10.13 11:13:38.660,0.834,0.83416,1.12,1.50
2014.10.13 11:13:38.862,0.83395,0.83415,2.02,1.12
2014.10.13 11:13:39.128,0.834,0.83417,1.00,1.87
2014.10.13 11:13:39.178,0.834,0.83417,1.00,1.50
2014.10.13 11:13:39.480,0.834,0.83419,1.00,1.57
2014.10.13 11:13:43.388,0.834,0.83419,1.00,1.95
2014.10.13 11:13:43.890,0.834,0.83419,1.00,1.57
2014.10.13 11:13:44.421,0.834,0.83421,1.37,1.95
2014.10.13 11:13:45.297,0.834,0.8342,1.45,1.95
2014.10.13 11:13:49.111,0.834,0.8342,1.45,1.95
2014.10.13 11:13:49.959,0.834,0.83419,1.20,2.62
2014.10.13 11:13:51.681,0.83399,0.83416,1.55,1.50
2014.10.13 11:13:52.094,0.83399,0.83419,1.27,2.62
2014.10.13 11:13:52.650,0.83399,0.8342,1.55,1.95
2014.10.13 11:13:53.351,0.834,0.8342,1.45,2.70
2014.10.13 11:13:53.928,0.83399,0.83419,1.55,2.62
2014.10.13 11:13:55.177,0.83399,0.8342,1.55,1.20
2014.10.13 11:13:55.289,0.83399,0.83419,3.45,1.50
2014.10.13 11:13:55.862,0.83399,0.83421,3.45,1.37
2014.10.13 11:13:56.689,0.83399,0.83421,3.45,1.37
2014.10.13 11:14:00.924,0.834,0.8342,1.27,1.37
2014.10.13 11:14:02.506,0.834,0.8342,1.52,1.37
2014.10.13 11:14:04.910,0.83399,0.83421,3.45,1.37
2014.10.13 11:14:05.752,0.83399,0.83421,3.45,1.37
2014.10.13 11:14:06.562,0.83399,0.83421,3.45,1.37
2014.10.13 11:14:07.119,0.83399,0.83421,3.45,1.37
2014.10.13 11:14:08.722,0.834,0.8342,1.52,1.12
2014.10.13 11:14:09.024,0.83401,0.8342,2.70,2.62
2014.10.13 11:14:10.626,0.83401,0.8342,2.70,1.37
2014.10.13 11:14:24.283,0.83401,0.8342,2.32,1.37
2014.10.13 11:14:27.456,0.83401,0.8342,2.70,1.12
2014.10.13 11:14:35.573,0.83405,0.83423,1.10,1.87
2014.10.13 11:14:36.774,0.83405,0.83423,1.10,1.87
2014.10.13 11:14:37.275,0.83405,0.83423,1.10,1.87
2014.10.13 11:14:38.184,0.83405,0.83425,1.20,1.95
2014.10.13 11:14:38.685,0.83405,0.83424,1.17,1.87
2014.10.13 11:14:39.008,0.83405,0.83423,1.00,1.87
2014.10.13 11:14:39.310,0.834,0.83422,1.10,1.65
2014.10.13 11:14:40.085,0.834,0.83422,1.47,2.02
2014.10.13 11:14:40.390,0.83404,0.83426,1.50,3.07
2014.10.13 11:14:40.441,0.83404,0.83426,1.57,1.07
2014.10.13 11:14:41.289,0.83405,0.83425,1.47,1.20
2014.10.13 11:14:42.191,0.83405,0.83425,1.10,1.20
2014.10.13 11:14:42.393,0.83405,0.83425,1.20,1.47
2014.10.13 11:14:42.924,0.83405,0.83425,1.20,1.47
2014.10.13 11:14:43.446,0.83405,0.83427,1.27,1.55
2014.10.13 11:14:43.907,0.83406,0.83428,1.52,1.95
2014.10.13 11:14:45.501,0.83406,0.83428,1.27,1.95
2014.10.13 11:14:46.204,0.83406,0.83428,1.27,1.95
2014.10.13 11:14:47.306,0.83406,0.83428,1.15,1.95
2014.10.13 11:14:47.859,0.8341,0.83428,1.00,1.95
2014.10.13 11:14:48.203,0.8341,0.8343,1.55,1.00
2014.10.13 11:14:48.253,0.8341,0.8343,3.07,1.00
2014.10.13 11:14:48.410,0.83414,0.83435,1.10,1.65
2014.10.13 11:14:48.461,0.83414,0.83435,1.15,1.50
2014.10.13 11:14:48.562,0.83414,0.83434,1.17,1.50
2014.10.13 11:14:49.312,0.83414,0.83435,1.65,1.57
2014.10.13 11:14:50.432,0.83415,0.83434,1.10,1.87
2014.10.13 11:14:52.970,0.83415,0.83436,2.02,1.95
2014.10.13 11:14:53.272,0.83413,0.83434,1.10,2.02
2014.10.13 11:14:53.831,0.83412,0.83436,2.40,1.57
2014.10.13 11:14:53.882,0.83412,0.83436,2.40,1.50
2014.10.13 11:14:54.033,0.83415,0.83439,3.07,1.20
2014.10.13 11:14:54.631,0.8342,0.8344,1.00,1.65
2014.10.13 11:14:57.336,0.8342,0.83439,1.00,1.95
2014.10.13 11:14:59.669,0.8342,0.83437,1.00,1.87
2014.10.13 11:15:00.436,0.8342,0.83434,1.00,1.50
2014.10.13 11:15:00.688,0.8341,0.8343,1.15,1.00
2014.10.13 11:15:00.789,0.83415,0.83429,1.00,1.57
2014.10.13 11:15:00.890,0.8341,0.83431,1.00,1.15
2014.10.13 11:15:00.991,0.8341,0.83431,1.17,1.57
2014.10.13 11:15:01.193,0.8341,0.83433,1.65,1.50
2014.10.13 11:15:01.294,0.8341,0.83434,1.65,3.82
2014.10.13 11:15:02.372,0.8341,0.8343,1.27,1.47
2014.10.13 11:15:03.872,0.83409,0.8343,2.02,1.95
2014.10.13 11:15:04.161,0.83409,0.8343,1.20,2.02
2014.10.13 11:15:04.463,0.8341,0.83432,1.10,2.02
2014.10.13 11:15:05.062,0.8341,0.83432,1.95,2.02
2014.10.13 11:15:05.673,0.8341,0.83432,1.95,2.02
2014.10.13 11:15:12.411,0.8341,0.83429,1.95,1.87
2014.10.13 11:15:14.429,0.8341,0.83431,1.37,2.02
2014.10.13 11:15:14.932,0.8341,0.83429,1.20,1.87
2014.10.13 11:15:17.910,0.8341,0.8343,1.87,1.27
2014.10.13 11:15:18.669,0.8341,0.83434,2.02,2.02
2014.10.13 11:15:21.196,0.8341,0.83431,1.55,1.95
2014.10.13 11:15:22.297,0.8341,0.83431,1.27,1.95
2014.10.13 11:15:25.210,0.8341,0.83431,2.02,1.95
2014.10.13 11:15:25.361,0.83409,0.83429,1.20,1.95
2014.10.13 11:15:25.979,0.83409,0.83428,1.12,2.02
2014.10.13 11:15:27.604,0.83406,0.83426,1.55,1.50
2014.10.13 11:15:27.705,0.83406,0.83427,1.37,1.65
2014.10.13 11:15:28.225,0.83406,0.83428,1.55,2.02
2014.10.13 11:15:28.326,0.83406,0.83429,1.52,1.95
2014.10.13 11:15:28.639,0.83412,0.83434,1.17,2.40
2014.10.13 11:15:28.941,0.83411,0.83435,1.15,1.75
2014.10.13 11:15:29.011,0.83411,0.83435,1.15,1.12
2014.10.13 11:15:29.815,0.83414,0.83436,1.57,2.02
2014.10.13 11:15:31.451,0.83415,0.83434,1.12,1.87
2014.10.13 11:15:32.278,0.83415,0.83435,1.00,2.62
2014.10.13 11:15:32.620,0.83414,0.83434,1.27,1.87
2014.10.13 11:15:33.132,0.83415,0.83434,1.00,1.87
2014.10.13 11:15:33.810,0.83415,0.83434,1.00,1.87
2014.10.13 11:15:38.589,0.83415,0.83434,1.00,2.02
2014.10.13 11:15:39.347,0.83415,0.83434,1.00,2.02
2014.10.13 11:15:39.949,0.83415,0.83434,1.00,2.02
2014.10.13 11:15:41.889,0.83415,0.83435,1.20,1.47
2014.10.13 11:15:44.399,0.83415,0.83435,1.10,1.47
2014.10.13 11:15:48.819,0.83414,0.83436,1.50,2.77
2014.10.13 11:15:51.569,0.83415,0.83435,1.00,2.77
2014.10.13 11:15:53.331,0.8342,0.83435,1.00,1.65
2014.10.13 11:15:53.482,0.8342,0.83439,1.00,1.95
2014.10.13 11:15:53.683,0.83418,0.83435,1.00,1.00
2014.10.13 11:15:53.986,0.8342,0.83439,1.00,2.02
2014.10.13 11:15:54.137,0.83418,0.83439,1.10,1.87
2014.10.13 11:15:54.701,0.83417,0.83437,1.27,1.95
2014.10.13 11:15:55.230,0.83417,0.83435,1.00,1.50
2014.10.13 11:15:55.641,0.83418,0.8344,1.37,2.77
2014.10.13 11:15:55.943,0.83424,0.83443,1.00,2.02
2014.10.13 11:15:56.462,0.8342,0.83441,1.47,2.02
2014.10.13 11:15:57.622,0.8342,0.83441,1.47,1.65
2014.10.13 11:15:58.352,0.8342,0.83441,1.47,1.65
2014.10.13 11:15:59.422,0.83421,0.83441,1.37,1.65
2014.10.13 11:15:59.931,0.83421,0.83441,1.52,1.50
2014.10.13 11:16:01.581,0.83425,0.83443,1.27,1.50
2014.10.13 11:16:01.682,0.83425,0.83445,3.82,1.00
2014.10.13 11:16:01.833,0.8343,0.83449,1.57,1.87
2014.10.13 11:16:02.343,0.8343,0.8345,1.57,2.25
2014.10.13 11:16:02.938,0.8343,0.8345,1.57,2.62
2014.10.13 11:16:03.492,0.8343,0.8345,1.27,1.37
2014.10.13 11:16:04.004,0.8343,0.8345,1.57,1.37
2014.10.13 11:16:04.521,0.8343,0.8345,1.57,1.12
2014.10.13 11:16:04.880,0.83435,0.83451,1.00,2.02
2014.10.13 11:16:05.665,0.83435,0.83451,1.00,1.65
2014.10.13 11:16:07.189,0.83429,0.83451,1.52,2.77
2014.10.13 11:16:08.375,0.83429,0.83451,1.52,2.77
2014.10.13 11:16:09.750,0.8343,0.8345,1.57,1.00
2014.10.13 11:16:10.052,0.83434,0.83452,1.00,1.95
2014.10.13 11:16:15.439,0.8343,0.8345,1.55,1.00
2014.10.13 11:16:20.227,0.8343,0.8345,1.55,1.00
2014.10.13 11:16:20.783,0.8343,0.8345,1.47,1.10
2014.10.13 11:16:23.234,0.8343,0.8345,1.47,1.10
2014.10.13 11:16:23.537,0.83434,0.8345,1.00,2.40
2014.10.13 11:16:24.289,0.8343,0.8345,1.00,3.52
2014.10.13 11:16:24.792,0.8343,0.83449,1.00,2.02
2014.10.13 11:16:25.145,0.83425,0.83445,4.20,1.00
2014.10.13 11:16:25.649,0.8343,0.83448,1.00,2.02
2014.10.13 11:16:25.800,0.83425,0.83445,1.55,1.47
2014.10.13 11:16:28.379,0.83426,0.83445,1.20,1.10
2014.10.13 11:16:28.429,0.83429,0.83449,1.17,1.95
2014.10.13 11:16:28.581,0.83429,0.83449,1.27,1.87
2014.10.13 11:16:28.732,0.8343,0.8345,1.65,1.00
2014.10.13 11:16:28.833,0.8343,0.8345,1.57,1.00
2014.10.13 11:16:29.131,0.8343,0.83453,2.40,1.10
2014.10.13 11:16:29.333,0.83435,0.83455,1.00,2.77
2014.10.13 11:16:29.876,0.83431,0.83456,1.27,3.15
2014.10.13 11:16:30.070,0.83431,0.8345,1.27,1.00
2014.10.13 11:16:30.120,0.83431,0.8345,1.20,1.10
2014.10.13 11:16:30.221,0.83435,0.83454,1.00,1.65
2014.10.13 11:16:30.524,0.8343,0.8345,2.02,1.00
2014.10.13 11:16:30.725,0.8343,0.8345,1.10,1.10
2014.10.13 11:16:30.827,0.8343,0.8345,1.15,1.00
2014.10.13 11:16:34.230,0.83429,0.83451,2.77,1.10
2014.10.13 11:16:34.562,0.83435,0.83453,1.00,2.47
2014.10.13 11:16:34.814,0.83425,0.83449,4.95,1.10
2014.10.13 11:16:35.769,0.83427,0.8345,2.02,2.02
2014.10.13 11:16:39.310,0.83427,0.83445,1.52,1.00
2014.10.13 11:16:39.532,0.83426,0.83445,1.55,1.00
2014.10.13 11:16:50.195,0.83425,0.83445,2.02,1.00
2014.10.13 11:16:50.358,0.83425,0.83448,2.02,2.02
2014.10.13 11:16:50.459,0.83427,0.83449,1.52,1.95
2014.10.13 11:16:51.946,0.83432,0.8345,1.95,1.07
2014.10.13 11:16:52.098,0.83435,0.83454,1.45,1.12
2014.10.13 11:16:52.442,0.83436,0.83459,1.55,2.02
2014.10.13 11:16:52.543,0.83436,0.83459,1.52,1.95
2014.10.13 11:16:56.869,0.83439,0.83461,3.37,2.70
2014.10.13 11:16:57.171,0.83444,0.8346,1.17,1.00
2014.10.13 11:16:57.272,0.83445,0.83464,1.00,1.57
2014.10.13 11:16:57.783,0.83444,0.83466,1.17,1.45
2014.10.13 11:17:00.664,0.83445,0.83468,1.45,2.02
2014.10.13 11:17:00.765,0.83445,0.83468,1.52,1.95
2014.10.13 11:17:01.008,0.8345,0.83468,1.00,1.95
2014.10.13 11:17:01.310,0.83449,0.83467,1.00,2.02
2014.10.13 11:17:01.562,0.83445,0.83465,1.27,1.20
2014.10.13 11:17:02.100,0.8345,0.83466,1.00,2.02
2014.10.13 11:17:02.352,0.83441,0.83463,2.32,1.57
2014.10.13 11:17:02.453,0.8344,0.83462,1.65,1.57
2014.10.13 11:17:02.604,0.8344,0.83462,1.10,1.57
2014.10.13 11:17:03.116,0.83438,0.83456,1.27,1.00
2014.10.13 11:17:03.638,0.83439,0.83457,1.00,1.50
2014.10.13 11:17:04.069,0.83435,0.83455,2.02,1.00
2014.10.13 11:17:04.620,0.83435,0.83456,1.52,1.12
2014.10.13 11:17:05.148,0.83435,0.83455,1.65,1.00
2014.10.13 11:17:05.299,0.83435,0.83455,1.57,1.37
2014.10.13 11:17:05.400,0.83435,0.83451,1.57,1.87
2014.10.13 11:17:05.702,0.83433,0.83452,1.00,1.95
2014.10.13 11:17:05.803,0.83429,0.8345,2.02,1.95
2014.10.13 11:17:07.503,0.83428,0.8345,1.27,2.70
2014.10.13 11:17:09.569,0.83428,0.83446,1.27,1.00
2014.10.13 11:17:09.720,0.83429,0.83449,1.00,2.02
2014.10.13 11:17:10.669,0.8343,0.83449,1.00,2.02
2014.10.13 11:17:13.615,0.8343,0.83448,1.00,1.95
2014.10.13 11:17:13.716,0.83425,0.83445,2.02,1.00
2014.10.13 11:17:13.766,0.83426,0.83445,2.70,1.00
2014.10.13 11:17:13.867,0.83428,0.8345,1.65,2.02
2014.10.13 11:17:16.221,0.83427,0.8345,1.52,1.55
2014.10.13 11:17:16.761,0.83428,0.8345,2.77,1.55
2014.10.13 11:17:17.423,0.8343,0.83453,2.70,3.45
2014.10.13 11:17:17.524,0.8343,0.83453,2.77,1.57
2014.10.13 11:17:17.575,0.8343,0.83453,4.95,1.57
2014.10.13 11:17:17.918,0.8343,0.8345,4.57,1.00
2014.10.13 11:17:18.478,0.83431,0.83455,1.65,1.55
2014.10.13 11:17:18.697,0.83431,0.83451,1.65,1.00
2014.10.13 11:17:19.367,0.83435,0.8345,1.50,1.00
2014.10.13 11:17:19.619,0.83435,0.83455,2.25,1.55
2014.10.13 11:17:19.871,0.83435,0.83455,1.00,3.45
2014.10.13 11:17:19.922,0.83431,0.83455,2.77,2.70
2014.10.13 11:17:20.023,0.83435,0.83455,1.00,2.32
2014.10.13 11:17:20.224,0.83433,0.83455,1.57,1.57
2014.10.13 11:17:20.476,0.83435,0.83456,1.07,1.20
2014.10.13 11:17:20.779,0.83436,0.8346,1.65,1.65
2014.10.13 11:17:21.297,0.83434,0.83456,5.32,1.00
2014.10.13 11:17:21.656,0.83435,0.83455,1.65,1.37
2014.10.13 11:17:21.757,0.83432,0.83454,1.15,1.87
2014.10.13 11:17:21.959,0.83433,0.83455,1.15,1.00
2014.10.13 11:17:22.009,0.83433,0.83455,3.07,1.00
2014.10.13 11:17:23.888,0.83433,0.83455,1.52,1.00
2014.10.13 11:17:23.988,0.83433,0.83455,1.27,1.45
2014.10.13 11:17:24.291,0.83434,0.83456,3.52,1.07
2014.10.13 11:17:25.848,0.83437,0.83456,1.50,1.07
2014.10.13 11:17:26.361,0.83435,0.83456,2.70,1.07
2014.10.13 11:17:27.651,0.83433,0.83455,2.77,1.10
2014.10.13 11:17:27.892,0.83435,0.83457,1.45,1.10
2014.10.13 11:17:28.402,0.83437,0.8346,2.77,1.52
2014.10.13 11:17:29.388,0.83437,0.83455,2.02,1.00
2014.10.13 11:17:30.137,0.8344,0.8346,1.00,2.02
2014.10.13 11:17:30.857,0.8344,0.8346,1.00,2.02
2014.10.13 11:17:31.578,0.8344,0.83461,1.00,1.52
2014.10.13 11:17:31.685,0.8344,0.83461,1.37,1.17
2014.10.13 11:17:31.735,0.8344,0.83461,1.45,1.07
2014.10.13 11:17:31.887,0.83443,0.83465,1.17,1.07
2014.10.13 11:17:31.937,0.83446,0.83466,1.50,1.17
2014.10.13 11:17:32.340,0.8345,0.83468,1.00,1.15
2014.10.13 11:17:32.710,0.83447,0.8347,1.57,3.07
2014.10.13 11:17:35.575,0.83445,0.8347,2.77,4.20
2014.10.13 11:17:36.165,0.83448,0.8347,1.87,4.20
2014.10.13 11:17:36.506,0.83448,0.8347,1.95,1.95
2014.10.13 11:17:37.059,0.83448,0.8347,1.95,1.95
2014.10.13 11:17:37.111,0.83448,0.8347,1.95,1.95
2014.10.13 11:17:37.631,0.83448,0.8347,1.95,1.95
2014.10.13 11:17:38.183,0.8345,0.8347,1.00,1.45
2014.10.13 11:17:38.885,0.83448,0.8347,1.57,1.45
2014.10.13 11:17:39.387,0.83448,0.8347,1.95,1.52
2014.10.13 11:17:39.926,0.83448,0.83468,1.50,1.15
2014.10.13 11:17:40.028,0.83445,0.83468,1.00,1.15
2014.10.13 11:17:40.430,0.83446,0.83466,1.57,1.65
2014.10.13 11:17:40.958,0.83445,0.83468,3.15,2.32
2014.10.13 11:17:41.494,0.83446,0.83465,1.57,1.00
2014.10.13 11:17:44.867,0.83447,0.83465,1.50,1.00
2014.10.13 11:17:45.398,0.83445,0.83465,2.77,1.00
2014.10.13 11:17:46.347,0.83445,0.83465,1.10,1.45
2014.10.13 11:17:46.857,0.83445,0.83464,1.12,1.27
2014.10.13 11:17:47.159,0.83443,0.8346,1.87,1.00
2014.10.13 11:17:47.437,0.83441,0.83463,1.87,1.15
2014.10.13 11:17:47.689,0.83443,0.83465,1.50,1.65
2014.10.13 11:17:48.243,0.83443,0.83463,1.50,2.32
2014.10.13 11:17:49.051,0.83442,0.83464,1.87,1.15
2014.10.13 11:17:49.202,0.83445,0.83465,1.50,1.15
2014.10.13 11:17:49.253,0.83445,0.83465,1.57,1.17
2014.10.13 11:17:49.303,0.83447,0.83465,1.50,1.27
2014.10.13 11:17:49.488,0.83443,0.83465,1.27,1.27
2014.10.13 11:17:49.589,0.83441,0.83464,2.32,1.47
2014.10.13 11:17:49.640,0.8344,0.8346,1.27,1.00
2014.10.13 11:17:50.157,0.83442,0.8346,1.50,1.00
2014.10.13 11:17:50.597,0.83445,0.83464,1.00,1.15
2014.10.13 11:17:50.949,0.83441,0.8346,1.65,1.00
2014.10.13 11:17:51.180,0.83445,0.83461,1.00,1.65
2014.10.13 11:17:51.381,0.83438,0.83456,1.10,1.00
2014.10.13 11:17:51.633,0.83438,0.8346,1.07,2.40
2014.10.13 11:17:51.734,0.83437,0.8346,1.10,1.15
2014.10.13 11:17:51.986,0.83437,0.83459,1.00,2.32
2014.10.13 11:17:52.036,0.83435,0.83455,1.10,1.10
2014.10.13 11:17:52.188,0.83435,0.83457,1.00,2.32
2014.10.13 11:17:52.238,0.83431,0.83456,1.15,1.15
2014.10.13 11:17:52.769,0.8343,0.83454,1.57,3.07
2014.10.13 11:17:53.097,0.83429,0.83451,1.00,1.15
2014.10.13 11:17:53.687,0.83428,0.8345,1.57,1.65
2014.10.13 11:17:53.989,0.83429,0.83449,1.17,1.10
2014.10.13 11:17:54.140,0.83427,0.83449,1.50,1.27
2014.10.13 11:17:54.291,0.83427,0.83449,1.65,1.17
2014.10.13 11:17:54.858,0.83429,0.83449,1.50,1.17
2014.10.13 11:17:55.477,0.83428,0.83449,1.50,1.17
2014.10.13 11:17:58.344,0.83428,0.83449,1.57,1.20
2014.10.13 11:17:58.395,0.83428,0.8345,1.65,1.47
2014.10.13 11:17:58.446,0.8343,0.8345,2.40,1.10
2014.10.13 11:17:58.748,0.83435,0.83454,1.00,1.52
2014.10.13 11:17:58.848,0.8343,0.8345,2.32,1.00
2014.10.13 11:18:00.637,0.8343,0.8345,2.32,1.37
2014.10.13 11:18:01.740,0.8343,0.8345,1.10,1.37
2014.10.13 11:18:04.445,0.8343,0.8345,1.10,1.37
2014.10.13 11:18:04.959,0.8343,0.8345,1.10,1.37
2014.10.13 11:18:05.147,0.8343,0.8345,1.47,1.12
2014.10.13 11:18:05.197,0.8343,0.8345,3.37,1.12
2014.10.13 11:18:05.349,0.83434,0.83455,1.10,1.55
2014.10.13 11:18:05.881,0.83434,0.83456,1.17,2.02
2014.10.13 11:18:07.797,0.83434,0.83456,1.17,2.02
2014.10.13 11:18:08.554,0.83434,0.83455,1.10,1.92
2014.10.13 11:18:08.906,0.8343,0.8345,1.07,1.47
2014.10.13 11:18:09.367,0.8343,0.8345,1.07,1.95
2014.10.13 11:18:09.468,0.83425,0.8345,5.32,3.45
2014.10.13 11:18:09.519,0.83425,0.8345,3.15,3.52
2014.10.13 11:18:10.259,0.83426,0.83449,1.65,1.52
2014.10.13 11:18:12.618,0.83423,0.83445,4.87,1.00
2014.10.13 11:18:13.317,0.8343,0.83446,1.00,1.00
2014.10.13 11:18:13.368,0.8343,0.83448,1.00,2.77
2014.10.13 11:18:13.878,0.8343,0.83448,1.00,1.95
2014.10.13 11:18:13.937,0.83425,0.83445,2.02,1.00
2014.10.13 11:18:14.599,0.8343,0.83448,1.00,1.95
2014.10.13 11:18:14.926,0.83425,0.83445,1.65,1.00
2014.10.13 11:18:15.237,0.83424,0.83447,1.65,2.02
2014.10.13 11:18:18.027,0.83424,0.83446,1.15,2.77
2014.10.13 11:18:18.979,0.83422,0.83446,3.45,3.52
2014.10.13 11:18:19.681,0.83422,0.83445,3.07,1.47
2014.10.13 11:18:20.683,0.83422,0.83445,3.45,1.20
2014.10.13 11:18:23.840,0.8343,0.83446,1.00,2.40
2014.10.13 11:18:24.092,0.83425,0.83448,1.27,2.77
2014.10.13 11:18:24.631,0.83425,0.83446,1.00,2.77
2014.10.13 11:18:25.149,0.83425,0.83448,1.27,2.77
2014.10.13 11:18:25.200,0.8343,0.83448,1.00,2.77
2014.10.13 11:18:25.401,0.83426,0.83445,1.10,2.70
2014.10.13 11:18:25.553,0.83426,0.83445,1.00,2.77
2014.10.13 11:18:26.162,0.83425,0.83443,1.00,1.15
2014.10.13 11:18:30.927,0.83417,0.8344,1.52,1.20
2014.10.13 11:18:31.446,0.83415,0.83439,4.20,1.47
2014.10.13 11:18:31.556,0.83415,0.83439,2.02,1.27
2014.10.13 11:18:31.657,0.8342,0.8344,1.00,2.02
2014.10.13 11:18:31.758,0.8342,0.8344,1.00,1.57
2014.10.13 11:18:33.081,0.83417,0.8344,2.02,1.57
2014.10.13 11:18:33.232,0.83416,0.8344,1.15,3.45
2014.10.13 11:18:33.644,0.83416,0.83438,3.82,1.47
2014.10.13 11:18:34.914,0.8342,0.83444,1.57,3.45
2014.10.13 11:18:35.917,0.83416,0.8344,3.45,1.95
2014.10.13 11:18:36.418,0.8342,0.8344,1.10,1.10
2014.10.13 11:18:37.387,0.83425,0.83441,1.00,1.55
2014.10.13 11:18:37.587,0.8342,0.83441,1.10,1.55
2014.10.13 11:18:37.739,0.83425,0.83444,1.00,3.45
2014.10.13 11:18:37.840,0.8342,0.83444,2.70,3.45
2014.10.13 11:18:42.029,0.8342,0.83443,1.10,1.52
2014.10.13 11:18:42.856,0.8342,0.83443,1.10,1.52
2014.10.13 11:18:44.455,0.8342,0.83443,1.47,1.52
2014.10.13 11:18:44.563,0.8342,0.83443,1.45,1.20
2014.10.13 11:18:44.614,0.8342,0.83444,2.02,1.47
2014.10.13 11:18:45.181,0.8342,0.83444,6.75,1.12
2014.10.13 11:18:45.496,0.8342,0.83444,6.37,1.37
2014.10.13 11:18:45.650,0.8342,0.83442,1.27,1.27
2014.10.13 11:18:45.701,0.8342,0.83442,1.27,1.20
2014.10.13 11:18:46.205,0.83422,0.83445,1.65,1.55
2014.10.13 11:18:46.663,0.83425,0.83445,1.17,1.37
2014.10.13 11:18:46.965,0.83425,0.83445,1.00,1.20
2014.10.13 11:18:47.445,0.83425,0.83445,1.00,1.57
2014.10.13 11:18:47.981,0.8342,0.83444,7.12,1.37
2014.10.13 11:18:49.052,0.8342,0.83444,7.12,1.12
2014.10.13 11:18:51.101,0.83421,0.83445,2.77,2.02
2014.10.13 11:18:51.403,0.83427,0.83451,2.32,3.07
2014.10.13 11:18:51.504,0.8343,0.83452,1.17,2.40
2014.10.13 11:18:52.326,0.83427,0.8345,3.82,1.00
2014.10.13 11:18:52.497,0.83427,0.8345,3.82,1.37
2014.10.13 11:18:53.562,0.83427,0.8345,2.02,1.27
2014.10.13 11:18:54.063,0.83428,0.8345,2.02,1.55
2014.10.13 11:18:54.765,0.83429,0.83452,1.27,1.52
2014.10.13 11:18:55.852,0.83427,0.83445,2.02,1.00
2014.10.13 11:18:55.903,0.83427,0.83445,2.02,1.00
2014.10.13 11:18:56.104,0.8343,0.83449,1.00,1.27
2014.10.13 11:18:58.157,0.8343,0.8345,1.00,1.52
2014.10.13 11:18:59.877,0.8343,0.83453,1.00,6.37
2014.10.13 11:19:00.300,0.83426,0.8345,4.95,1.47
2014.10.13 11:19:00.496,0.83427,0.8345,2.02,1.52
2014.10.13 11:19:01.030,0.83427,0.8345,1.65,1.52
2014.10.13 11:19:01.382,0.83425,0.8345,1.65,2.40
2014.10.13 11:19:01.691,0.83425,0.83445,1.00,1.27
2014.10.13 11:19:01.787,0.83421,0.83445,2.77,2.02
2014.10.13 11:19:01.938,0.83425,0.83445,1.00,1.27
2014.10.13 11:19:01.989,0.83425,0.83447,2.25,1.15
2014.10.13 11:19:02.090,0.83425,0.83446,1.65,1.00
2014.10.13 11:19:02.241,0.83427,0.83451,1.15,1.15
2014.10.13 11:19:04.826,0.83429,0.83454,2.70,3.45
2014.10.13 11:19:04.877,0.8343,0.83454,2.77,1.52
2014.10.13 11:19:05.380,0.8343,0.83455,4.20,1.55
2014.10.13 11:19:07.499,0.8343,0.83455,4.20,1.55
2014.10.13 11:19:08.802,0.8343,0.83454,4.20,1.47
2014.10.13 11:19:09.254,0.83431,0.83455,3.45,1.57
2014.10.13 11:19:09.305,0.83435,0.83455,1.57,1.00
2014.10.13 11:19:09.456,0.83445,0.83465,1.00,1.07
2014.10.13 11:19:09.974,0.83442,0.83464,2.32,1.57
2014.10.13 11:19:10.025,0.83441,0.83464,1.15,1.65
2014.10.13 11:19:10.810,0.8344,0.83464,2.02,2.77
2014.10.13 11:19:12.449,0.8344,0.83463,2.02,1.95
2014.10.13 11:19:13.831,0.8344,0.83463,1.65,1.57
2014.10.13 11:19:13.932,0.83445,0.83464,1.10,1.37
2014.10.13 11:19:14.352,0.83441,0.83463,1.17,2.02
2014.10.13 11:19:16.597,0.8344,0.83463,1.15,1.57
2014.10.13 11:19:16.648,0.83445,0.83463,1.10,1.87
2014.10.13 11:19:19.130,0.83445,0.83465,1.10,2.70
2014.10.13 11:19:20.212,0.83445,0.83465,1.17,2.70
2014.10.13 11:19:20.263,0.83445,0.83465,2.77,1.00
2014.10.13 11:19:20.364,0.83448,0.83465,1.57,1.00
2014.10.13 11:19:20.414,0.8345,0.83467,1.00,1.12
2014.10.13 11:19:21.557,0.8345,0.83469,1.00,1.45
2014.10.13 11:19:22.106,0.83445,0.83465,3.45,1.12
2014.10.13 11:19:22.157,0.83445,0.83465,1.52,1.12
2014.10.13 11:19:22.257,0.83445,0.83465,3.45,1.12
2014.10.13 11:19:22.796,0.8345,0.8347,1.00,3.15
2014.10.13 11:19:22.846,0.8345,0.8347,1.00,2.77
2014.10.13 11:19:23.309,0.83449,0.83469,1.37,2.70
2014.10.13 11:19:23.409,0.8345,0.83469,1.27,1.87
2014.10.13 11:19:23.873,0.83451,0.8347,1.45,2.62
2014.10.13 11:19:24.206,0.83455,0.83475,1.00,3.15
2014.10.13 11:19:24.257,0.83451,0.8347,1.52,1.12
2014.10.13 11:19:24.717,0.83453,0.8347,1.52,1.00
2014.10.13 11:19:26.017,0.83455,0.83475,1.10,1.47
2014.10.13 11:19:26.198,0.83455,0.83475,1.10,1.47
2014.10.13 11:19:29.577,0.83454,0.83476,1.55,2.77
2014.10.13 11:19:29.891,0.83454,0.83476,1.17,3.15
2014.10.13 11:19:30.344,0.8345,0.83472,2.02,1.95
2014.10.13 11:19:31.061,0.8345,0.83472,1.52,1.95
2014.10.13 11:19:31.595,0.8345,0.83472,1.52,1.95
2014.10.13 11:19:32.295,0.8345,0.83472,1.52,1.95
2014.10.13 11:19:33.288,0.8345,0.83472,1.52,1.95
2014.10.13 11:19:33.566,0.8345,0.83472,1.52,1.57
2014.10.13 11:19:33.617,0.83455,0.83472,1.17,1.50
2014.10.13 11:19:34.256,0.8345,0.83472,3.45,1.87
2014.10.13 11:19:34.407,0.8345,0.83472,3.45,1.87
2014.10.13 11:19:39.180,0.8345,0.83473,3.45,1.37
2014.10.13 11:19:41.723,0.8345,0.83473,2.70,1.37
2014.10.13 11:19:41.874,0.8345,0.83473,1.52,1.52
2014.10.13 11:19:43.031,0.8345,0.83473,1.52,1.45
2014.10.13 11:19:43.489,0.83451,0.83473,2.70,1.37
2014.10.13 11:19:44.440,0.83451,0.83474,5.62,1.95
2014.10.13 11:19:44.541,0.83454,0.83475,2.70,1.00
2014.10.13 11:19:44.944,0.83457,0.83478,1.15,1.95
2014.10.13 11:19:44.995,0.83455,0.83478,1.07,1.95
2014.10.13 11:19:45.047,0.83455,0.83478,1.00,2.02
2014.10.13 11:19:45.592,0.8345,0.83475,5.25,1.00
2014.10.13 11:19:45.642,0.8345,0.83475,1.15,2.40
2014.10.13 11:19:46.153,0.83455,0.83476,1.07,2.25
2014.10.13 11:19:46.204,0.83456,0.83479,2.32,1.57
2014.10.13 11:19:46.405,0.83458,0.83482,2.32,1.17
2014.10.13 11:19:46.456,0.83459,0.83486,4.50,1.52
2014.10.13 11:19:47.237,0.83459,0.83488,5.62,1.90
2014.10.13 11:19:54.725,0.83459,0.83488,5.62,1.65
2014.10.13 11:19:55.943,0.83466,0.83491,1.65,3.90
2014.10.13 11:19:56.296,0.83465,0.83485,1.10,1.47
2014.10.13 11:19:56.497,0.83462,0.83486,2.02,1.20
2014.10.13 11:19:58.157,0.83463,0.83485,2.02,1.47
2014.10.13 11:19:58.258,0.83461,0.83485,4.20,1.10
2014.10.13 11:20:02.657,0.83461,0.83485,3.07,1.10
2014.10.13 11:20:04.260,0.83461,0.83485,3.82,1.10
2014.10.13 11:20:05.277,0.83465,0.83488,1.47,2.02
2014.10.13 11:20:09.032,0.83465,0.83488,1.47,2.02
2014.10.13 11:20:09.101,0.83465,0.83488,1.47,2.02
2014.10.13 11:20:09.907,0.83462,0.83485,2.40,1.10
2014.10.13 11:20:10.237,0.83467,0.83485,2.02,1.00
2014.10.13 11:20:10.389,0.83467,0.83491,4.20,1.47
2014.10.13 11:20:10.591,0.83466,0.83485,2.02,1.00
2014.10.13 11:20:10.792,0.8347,0.8349,1.12,1.55
2014.10.13 11:20:11.488,0.8347,0.83494,1.27,4.57
2014.10.13 11:20:11.639,0.8347,0.83494,1.65,2.02
2014.10.13 11:20:11.740,0.8347,0.83494,1.52,2.02
2014.10.13 11:20:12.467,0.8347,0.83494,1.52,2.02
2014.10.13 11:20:13.167,0.8347,0.83494,2.02,2.02
2014.10.13 11:20:13.705,0.8347,0.83493,2.02,2.02
2014.10.13 11:20:14.064,0.83473,0.83495,1.50,1.65
2014.10.13 11:20:15.706,0.83472,0.83495,1.87,1.65
2014.10.13 11:20:16.225,0.83473,0.83495,1.50,1.65
2014.10.13 11:20:16.766,0.83471,0.83495,2.02,1.65
2014.10.13 11:20:17.282,0.83471,0.83492,1.87,2.70
2014.10.13 11:20:18.256,0.83471,0.83492,1.87,2.70
2014.10.13 11:20:19.251,0.83471,0.83492,1.87,2.70
2014.10.13 11:20:20.389,0.83471,0.83492,1.87,2.70
2014.10.13 11:20:23.265,0.83471,0.8349,1.87,1.52
2014.10.13 11:20:24.529,0.83472,0.8349,1.50,1.52
2014.10.13 11:20:24.848,0.8347,0.8349,1.87,1.52
2014.10.13 11:20:25.379,0.8347,0.8349,1.87,1.52
2014.10.13 11:20:27.829,0.8347,0.8349,1.50,1.52
2014.10.13 11:20:29.310,0.8347,0.8349,1.50,1.52
2014.10.13 11:20:29.824,0.83469,0.8349,1.87,1.52
2014.10.13 11:20:33.877,0.83469,0.8349,1.87,1.52
2014.10.13 11:20:34.028,0.83471,0.83491,1.87,1.45
2014.10.13 11:20:34.643,0.83471,0.83494,1.87,3.07
2014.10.13 11:20:35.155,0.83471,0.83494,1.87,2.70
2014.10.13 11:20:36.075,0.83471,0.83494,1.87,3.07
2014.10.13 11:20:39.964,0.83471,0.83494,1.87,2.70
2014.10.13 11:20:40.417,0.83471,0.83491,1.50,1.52
2014.10.13 11:20:40.773,0.83471,0.83491,1.50,1.57
2014.10.13 11:20:41.174,0.83471,0.83491,2.02,1.20
2014.10.13 11:20:41.679,0.83471,0.83491,2.02,1.47
2014.10.13 11:20:42.434,0.83472,0.83494,1.50,3.07
2014.10.13 11:20:43.105,0.83473,0.83494,1.50,3.07
2014.10.13 11:20:43.427,0.83475,0.83496,1.50,2.40
2014.10.13 11:20:43.478,0.83471,0.83494,1.57,3.00
2014.10.13 11:20:43.579,0.83471,0.8349,1.50,1.65
2014.10.13 11:20:43.881,0.83475,0.83494,2.25,2.70
2014.10.13 11:20:44.234,0.83472,0.83493,1.50,2.70
2014.10.13 11:20:44.778,0.83472,0.8349,1.50,1.10
2014.10.13 11:20:45.075,0.8347,0.83494,2.32,2.32
2014.10.13 11:20:45.176,0.8347,0.83494,2.70,2.70
2014.10.13 11:20:45.697,0.8347,0.83494,2.70,2.70
2014.10.13 11:20:45.999,0.8347,0.8349,1.87,1.27
2014.10.13 11:20:46.933,0.83469,0.8349,1.95,1.55
2014.10.13 11:20:47.153,0.83469,0.8349,2.70,1.55
2014.10.13 11:20:47.867,0.8347,0.8349,1.37,1.52
2014.10.13 11:20:48.375,0.83472,0.8349,1.50,1.27
2014.10.13 11:20:50.713,0.83471,0.8349,1.50,1.27
2014.10.13 11:20:52.905,0.8347,0.8349,1.12,1.52
2014.10.13 11:20:53.668,0.8347,0.83493,2.62,5.25
2014.10.13 11:20:54.970,0.8347,0.83493,2.25,4.87
2014.10.13 11:20:56.479,0.83468,0.83489,1.00,3.07
2014.10.13 11:20:56.631,0.83465,0.83484,1.00,2.70
2014.10.13 11:20:56.732,0.83465,0.83486,1.00,2.70
2014.10.13 11:20:57.455,0.83466,0.83486,1.50,3.45
2014.10.13 11:20:58.987,0.83466,0.83487,1.87,1.52
2014.10.13 11:20:59.714,0.83467,0.83488,1.50,1.52
2014.10.13 11:21:00.248,0.83468,0.83488,1.50,1.45
2014.10.13 11:21:00.772,0.83468,0.83488,1.50,1.20
2014.10.13 11:21:01.437,0.83467,0.83486,1.50,1.27
2014.10.13 11:21:01.988,0.83468,0.83488,1.50,1.52
2014.10.13 11:21:02.176,0.83465,0.83487,2.70,2.70
2014.10.13 11:21:02.226,0.83465,0.83487,2.62,2.70
2014.10.13 11:21:02.327,0.83463,0.83485,1.57,1.15
2014.10.13 11:21:02.378,0.83463,0.83484,1.50,2.32
2014.10.13 11:21:03.337,0.83462,0.83484,1.50,3.07
2014.10.13 11:21:03.639,0.8346,0.8348,1.50,1.15
2014.10.13 11:21:03.690,0.83458,0.8348,2.32,1.15
2014.10.13 11:21:03.924,0.8346,0.8348,1.50,1.15
2014.10.13 11:21:03.996,0.83458,0.8348,1.57,1.15
2014.10.13 11:21:04.396,0.83459,0.8348,1.50,1.52
2014.10.13 11:21:07.625,0.8346,0.8348,1.50,1.52
2014.10.13 11:21:09.096,0.83458,0.83479,1.87,1.52
2014.10.13 11:21:09.670,0.83457,0.83479,1.87,1.52
2014.10.13 11:21:10.652,0.83457,0.83479,1.50,1.52
2014.10.13 11:21:11.824,0.83457,0.83479,1.50,1.90
2014.10.13 11:21:11.925,0.83455,0.83477,1.50,3.07
2014.10.13 11:21:12.445,0.83453,0.83475,1.55,1.55
2014.10.13 11:21:12.546,0.83452,0.83475,2.02,1.52
2014.10.13 11:21:13.121,0.83451,0.83475,2.70,1.52
2014.10.13 11:21:13.648,0.83454,0.83474,1.50,1.55
2014.10.13 11:21:14.164,0.83454,0.83475,1.50,2.02
2014.10.13 11:21:15.590,0.83454,0.83475,1.50,2.40
2014.10.13 11:21:16.247,0.83452,0.83475,1.57,2.40
2014.10.13 11:21:16.348,0.83454,0.83475,1.50,2.40
2014.10.13 11:21:16.556,0.83452,0.8347,1.57,1.37
2014.10.13 11:21:17.524,0.83453,0.8347,1.50,1.37
2014.10.13 11:21:17.865,0.83452,0.8347,1.50,1.55
2014.10.13 11:21:18.369,0.83451,0.8347,1.50,1.55
2014.10.13 11:21:18.916,0.83452,0.83473,1.50,3.82
2014.10.13 11:21:18.966,0.8345,0.83473,2.32,3.82
2014.10.13 11:21:19.084,0.83451,0.83473,1.00,2.70
2014.10.13 11:21:19.185,0.83456,0.8347,1.50,1.07
2014.10.13 11:21:19.696,0.83456,0.8347,1.50,1.00
2014.10.13 11:21:19.775,0.83456,0.83476,1.50,2.02
2014.10.13 11:21:19.945,0.83454,0.83476,2.25,2.02
2014.10.13 11:21:19.995,0.83454,0.8347,1.50,1.12
2014.10.13 11:21:20.197,0.83451,0.83475,1.15,2.02
2014.10.13 11:21:20.247,0.83451,0.8347,1.17,1.10
2014.10.13 11:21:20.765,0.8345,0.8347,2.32,1.10
2014.10.13 11:21:23.015,0.8345,0.8347,1.07,1.47
2014.10.13 11:21:28.308,0.8345,0.8347,1.07,1.47
2014.10.13 11:21:28.459,0.83446,0.83471,1.57,5.32
2014.10.13 11:21:28.560,0.83445,0.83469,3.07,3.07
2014.10.13 11:21:29.065,0.83445,0.83465,1.87,1.52
2014.10.13 11:21:29.547,0.83443,0.83465,1.57,1.52
2014.10.13 11:21:29.846,0.83444,0.83465,1.87,2.02
2014.10.13 11:21:30.155,0.83445,0.83466,2.70,1.55
2014.10.13 11:21:31.430,0.83445,0.83466,2.70,1.27
2014.10.13 11:21:31.545,0.83445,0.83466,1.20,1.55
2014.10.13 11:21:31.775,0.83445,0.83466,1.20,1.55
2014.10.13 11:21:33.083,0.83445,0.83466,1.20,1.55
2014.10.13 11:21:33.787,0.83443,0.83465,1.95,1.52
2014.10.13 11:21:34.644,0.83444,0.83465,1.87,1.52
2014.10.13 11:21:34.897,0.83445,0.83465,1.00,1.45
2014.10.13 11:21:35.048,0.83446,0.83466,2.02,1.37
2014.10.13 11:21:35.385,0.83448,0.83465,1.50,1.20
2014.10.13 11:21:35.716,0.83445,0.83465,1.10,1.47
2014.10.13 11:21:36.054,0.83448,0.83465,1.50,1.37
2014.10.13 11:21:36.495,0.8345,0.8347,1.00,4.57
2014.10.13 11:21:37.006,0.8345,0.83468,1.00,3.07
2014.10.13 11:21:37.415,0.83446,0.83467,1.50,1.65
2014.10.13 11:21:37.971,0.83445,0.83466,1.00,3.45
2014.10.13 11:21:40.877,0.83445,0.83466,1.00,3.82
2014.10.13 11:21:41.179,0.83448,0.83465,1.50,1.52
2014.10.13 11:21:41.229,0.83448,0.83465,1.50,1.17
2014.10.13 11:21:41.330,0.83448,0.83466,1.50,1.10
2014.10.13 11:21:42.164,0.83448,0.83465,1.50,1.00
2014.10.13 11:21:42.695,0.83444,0.83465,1.27,1.37
2014.10.13 11:21:43.185,0.83449,0.83465,1.50,1.37
2014.10.13 11:21:43.286,0.83447,0.83466,1.57,1.47
2014.10.13 11:21:44.626,0.83446,0.83465,1.65,1.37
2014.10.13 11:21:44.727,0.83445,0.83465,1.10,1.47
2014.10.13 11:21:45.176,0.83447,0.83466,1.50,1.55
2014.10.13 11:21:45.625,0.83448,0.83466,1.50,1.55
2014.10.13 11:21:45.735,0.83446,0.83466,2.25,1.55
2014.10.13 11:21:46.246,0.83447,0.83465,1.87,1.27
2014.10.13 11:21:46.759,0.83447,0.83465,1.95,1.12
2014.10.13 11:21:46.816,0.83447,0.83465,1.95,1.00
2014.10.13 11:21:47.419,0.83447,0.83465,1.95,1.00
2014.10.13 11:21:47.825,0.8345,0.83469,1.00,1.52
2014.10.13 11:21:47.971,0.83447,0.83465,1.57,1.37
2014.10.13 11:21:48.228,0.83445,0.83466,1.50,2.02
2014.10.13 11:21:48.278,0.83445,0.83466,1.50,4.20
2014.10.13 11:21:49.512,0.83445,0.83465,1.37,1.52
2014.10.13 11:21:50.057,0.83447,0.83469,1.87,1.52
2014.10.13 11:21:50.590,0.83447,0.8347,1.50,6.00
2014.10.13 11:21:51.235,0.83447,0.8347,1.87,6.00
2014.10.13 11:21:52.453,0.83447,0.8347,1.50,6.00
2014.10.13 11:21:54.263,0.83447,0.8347,1.50,6.00
2014.10.13 11:21:55.194,0.83447,0.8347,1.50,5.25
2014.10.13 11:21:55.295,0.83444,0.83469,1.65,2.40
2014.10.13 11:21:55.396,0.83445,0.83467,1.00,3.07
2014.10.13 11:21:55.597,0.83444,0.83465,1.00,3.45
2014.10.13 11:21:55.648,0.83445,0.83462,1.00,2.32
2014.10.13 11:21:55.749,0.83445,0.83465,1.00,2.02
2014.10.13 11:21:55.950,0.83445,0.83465,2.25,1.55
2014.10.13 11:21:56.423,0.83445,0.83466,1.50,3.45
2014.10.13 11:21:56.944,0.83445,0.83465,2.25,1.90
2014.10.13 11:21:57.273,0.83441,0.83465,2.40,1.90
2014.10.13 11:21:58.620,0.83439,0.83463,4.95,1.65
2014.10.13 11:21:59.188,0.8344,0.83463,1.15,1.92
2014.10.13 11:21:59.319,0.8344,0.83463,1.15,1.55
2014.10.13 11:21:59.520,0.8344,0.83463,1.15,1.92
2014.10.13 11:22:00.154,0.83441,0.83463,1.65,1.92
2014.10.13 11:22:00.589,0.83441,0.83461,1.50,1.65
2014.10.13 11:22:01.834,0.83441,0.83461,1.50,1.92
2014.10.13 11:22:02.086,0.83438,0.8346,1.57,1.65
2014.10.13 11:22:02.628,0.83438,0.83459,1.50,3.82
2014.10.13 11:22:03.662,0.8344,0.83459,1.50,3.45
2014.10.13 11:22:03.982,0.8344,0.83459,1.50,3.82
2014.10.13 11:22:04.033,0.8344,0.83459,1.50,3.45
2014.10.13 11:22:04.754,0.83435,0.83457,2.40,1.85
2014.10.13 11:22:04.804,0.83435,0.83457,2.40,1.95
2014.10.13 11:22:04.855,0.83438,0.83457,1.50,3.45
2014.10.13 11:22:05.328,0.83437,0.83455,1.50,1.10
2014.10.13 11:22:05.429,0.83437,0.83455,1.50,1.07
2014.10.13 11:22:05.975,0.83439,0.83456,1.50,1.15
2014.10.13 11:22:06.391,0.83436,0.83456,1.87,1.52
2014.10.13 11:22:06.492,0.83438,0.83455,1.50,1.52
2014.10.13 11:22:07.129,0.83439,0.83455,1.50,1.27
2014.10.13 11:22:07.180,0.83439,0.83455,1.50,1.20
2014.10.13 11:22:07.915,0.83438,0.83455,1.50,1.20
2014.10.13 11:22:08.649,0.83439,0.83456,1.50,1.20
2014.10.13 11:22:09.250,0.83439,0.83455,1.50,1.00
2014.10.13 11:22:09.701,0.83437,0.83455,1.57,1.00
2014.10.13 11:22:11.054,0.83437,0.83455,1.95,1.00
2014.10.13 11:22:11.255,0.83441,0.83455,1.50,1.00
2014.10.13 11:22:11.663,0.83441,0.8346,1.50,1.47
2014.10.13 11:22:12.455,0.8344,0.8346,1.00,3.37
2014.10.13 11:22:12.975,0.83438,0.8346,2.02,1.55
2014.10.13 11:22:13.558,0.83438,0.8346,1.87,1.52
2014.10.13 11:22:13.760,0.83439,0.83461,1.00,1.15
2014.10.13 11:22:14.292,0.8344,0.83461,1.00,1.15
2014.10.13 11:22:14.393,0.8344,0.83461,1.37,1.52
2014.10.13 11:22:14.966,0.8344,0.83462,1.87,3.45
2014.10.13 11:22:15.394,0.83442,0.83462,1.50,3.45
2014.10.13 11:22:15.495,0.83442,0.83463,1.87,1.52
2014.10.13 11:22:16.003,0.83442,0.83465,2.02,2.02
2014.10.13 11:22:16.320,0.8344,0.83464,2.70,3.45
2014.10.13 11:22:16.522,0.8344,0.83461,1.00,2.70
2014.10.13 11:22:17.033,0.83439,0.8346,1.12,3.45
2014.10.13 11:22:17.573,0.8344,0.8346,1.12,3.45
2014.10.13 11:22:17.875,0.83445,0.83462,1.00,1.52
2014.10.13 11:22:18.127,0.8344,0.83463,2.70,1.27
2014.10.13 11:22:18.278,0.8344,0.83462,2.62,2.70
2014.10.13 11:22:19.227,0.8344,0.83461,2.62,1.52
2014.10.13 11:22:19.781,0.8344,0.83461,1.50,1.90
2014.10.13 11:22:19.882,0.83438,0.8346,1.57,1.52
2014.10.13 11:22:19.983,0.8344,0.83461,1.00,1.52
2014.10.13 11:22:20.529,0.8344,0.83461,1.10,1.52
2014.10.13 11:22:22.731,0.8344,0.83461,1.12,1.52
2014.10.13 11:22:23.079,0.8344,0.83458,1.00,1.52
2014.10.13 11:22:23.180,0.83435,0.83456,2.02,1.27
2014.10.13 11:22:23.394,0.83435,0.83456,1.65,1.57
2014.10.13 11:22:23.697,0.83435,0.83454,1.00,1.27
2014.10.13 11:22:23.949,0.8344,0.83454,1.00,1.12
2014.10.13 11:22:24.151,0.83435,0.83456,1.95,1.95
2014.10.13 11:22:24.658,0.83437,0.83455,1.50,1.47
2014.10.13 11:22:25.164,0.83437,0.83455,1.50,1.47
2014.10.13 11:22:25.215,0.83435,0.83455,1.10,1.47
2014.10.13 11:22:25.780,0.83435,0.83455,1.00,1.55
2014.10.13 11:22:25.831,0.83436,0.8345,1.50,1.00
2014.10.13 11:22:25.945,0.83436,0.83456,1.50,1.45
2014.10.13 11:22:26.197,0.8344,0.83459,1.50,3.07
2014.10.13 11:22:26.806,0.8344,0.83459,1.50,3.07
2014.10.13 11:22:26.958,0.8344,0.83459,1.50,2.70
2014.10.13 11:22:28.161,0.8344,0.83461,1.87,6.37
2014.10.13 11:22:28.767,0.8344,0.83459,1.87,2.70
2014.10.13 11:22:29.296,0.8344,0.83458,1.00,4.87
2014.10.13 11:22:29.665,0.8344,0.83458,1.00,1.15
2014.10.13 11:22:30.152,0.8344,0.83457,1.00,3.07
2014.10.13 11:22:30.307,0.83435,0.83455,1.00,1.65
2014.10.13 11:22:31.074,0.83434,0.83456,1.00,3.15
2014.10.13 11:22:31.872,0.83435,0.83455,1.00,1.27
2014.10.13 11:22:31.923,0.83436,0.83455,1.87,1.27
2014.10.13 11:22:32.225,0.83439,0.83458,1.00,3.45
2014.10.13 11:22:32.944,0.83436,0.83455,1.87,1.17
2014.10.13 11:22:33.384,0.8344,0.83458,1.00,3.45
2014.10.13 11:22:36.712,0.8344,0.83459,1.00,1.52
2014.10.13 11:22:37.342,0.8344,0.83459,1.12,1.52
2014.10.13 11:22:38.444,0.8344,0.83459,1.00,1.52
2014.10.13 11:22:38.601,0.83437,0.83455,1.87,1.00
2014.10.13 11:22:38.752,0.83437,0.83455,1.50,1.47
2014.10.13 11:22:39.193,0.83439,0.83459,1.50,3.07
2014.10.13 11:22:41.179,0.83439,0.83457,1.50,3.07
2014.10.13 11:22:41.243,0.83437,0.83457,1.50,3.07
2014.10.13 11:22:41.495,0.83432,0.83455,2.77,1.52
2014.10.13 11:22:41.596,0.83433,0.83455,2.02,1.15
2014.10.13 11:22:41.834,0.83435,0.83455,1.37,1.52
2014.10.13 11:22:43.363,0.83435,0.83455,1.12,1.52
2014.10.13 11:22:43.866,0.83434,0.83455,1.00,1.52
2014.10.13 11:22:44.493,0.83434,0.83455,1.12,1.52
2014.10.13 11:22:45.073,0.83435,0.83455,1.00,1.52
2014.10.13 11:22:45.565,0.83435,0.83453,1.00,1.37
2014.10.13 11:22:45.665,0.83435,0.83456,1.12,1.52
2014.10.13 11:22:46.365,0.83434,0.83454,1.00,1.57
2014.10.13 11:22:46.684,0.83435,0.83454,1.00,1.57
2014.10.13 11:22:47.234,0.83435,0.83454,1.00,1.52
2014.10.13 11:22:47.544,0.83435,0.83454,1.00,1.52
2014.10.13 11:22:48.513,0.83435,0.83454,1.00,1.52
2014.10.13 11:22:49.055,0.83435,0.83454,1.00,2.77
2014.10.13 11:22:49.156,0.8343,0.83453,1.10,3.07
2014.10.13 11:22:49.534,0.83429,0.83451,2.40,1.07
2014.10.13 11:22:50.124,0.8343,0.83451,1.15,1.10
2014.10.13 11:22:50.578,0.83431,0.83452,1.95,1.20
2014.10.13 11:22:52.629,0.8343,0.83452,2.77,1.07
2014.10.13 11:22:52.780,0.83429,0.83449,1.55,1.00
2014.10.13 11:22:53.281,0.83429,0.83451,1.55,1.27
2014.10.13 11:22:54.183,0.8343,0.83451,1.47,1.27
2014.10.13 11:22:54.686,0.8343,0.83451,1.95,1.55
2014.10.13 11:22:56.143,0.83432,0.8345,1.50,1.47
2014.10.13 11:22:56.445,0.8343,0.8345,1.10,1.47
2014.10.13 11:22:57.027,0.8343,0.8345,1.47,1.47
2014.10.13 11:22:57.584,0.8343,0.8345,1.12,2.02
2014.10.13 11:22:57.929,0.8343,0.83452,1.37,4.95
2014.10.13 11:22:58.029,0.8343,0.83452,1.55,2.77
2014.10.13 11:22:58.181,0.83435,0.83452,1.00,2.02
2014.10.13 11:22:58.683,0.8343,0.83452,1.55,2.02
2014.10.13 11:22:59.196,0.8343,0.83452,1.55,2.02
2014.10.13 11:22:59.297,0.8343,0.83452,1.55,2.02
2014.10.13 11:22:59.739,0.83429,0.83451,1.10,1.15
2014.10.13 11:23:00.044,0.83429,0.8345,1.47,1.55
2014.10.13 11:23:00.584,0.8343,0.8345,1.00,2.02
2014.10.13 11:23:01.302,0.8343,0.83452,1.27,2.77
2014.10.13 11:23:02.404,0.8343,0.83452,1.55,2.02
2014.10.13 11:23:02.921,0.8343,0.83453,1.55,2.02
2014.10.13 11:23:03.832,0.8343,0.83453,1.55,2.02
2014.10.13 11:23:04.359,0.83431,0.83455,2.77,1.20
2014.10.13 11:23:04.459,0.83435,0.83455,1.20,1.47
2014.10.13 11:23:04.973,0.83434,0.83457,1.27,1.52
2014.10.13 11:23:05.572,0.83434,0.83457,1.27,1.52
2014.10.13 11:23:05.623,0.83432,0.83455,2.77,1.47
2014.10.13 11:23:05.724,0.83432,0.83455,1.17,1.52
2014.10.13 11:23:06.239,0.83432,0.83455,1.00,2.77
2014.10.13 11:23:06.372,0.83432,0.83455,1.15,1.52
2014.10.13 11:23:06.855,0.83433,0.8345,2.02,1.00
2014.10.13 11:23:07.463,0.8343,0.8345,1.52,1.00
2014.10.13 11:23:08.383,0.83431,0.83455,1.57,1.52
2014.10.13 11:23:08.433,0.83431,0.83455,1.57,1.52
2014.10.13 11:23:09.164,0.83432,0.83455,1.65,1.55
2014.10.13 11:23:09.416,0.83435,0.83457,1.12,1.52
2014.10.13 11:23:10.279,0.83435,0.83456,1.00,2.32
2014.10.13 11:23:10.481,0.83432,0.83455,1.57,1.15
2014.10.13 11:23:10.994,0.83431,0.83454,1.10,2.70
2014.10.13 11:23:11.497,0.8343,0.83451,1.17,2.77
2014.10.13 11:23:11.925,0.83429,0.83451,1.20,2.77
2014.10.13 11:23:12.722,0.8343,0.83451,1.00,2.77
2014.10.13 11:23:12.774,0.83435,0.83451,1.00,2.77
2014.10.13 11:23:13.149,0.8343,0.83451,1.00,2.77
2014.10.13 11:23:13.657,0.8343,0.83451,1.00,4.95
2014.10.13 11:23:14.183,0.8343,0.83449,1.00,1.52
2014.10.13 11:23:14.944,0.8343,0.83449,1.00,1.52
2014.10.13 11:23:15.704,0.8343,0.8345,1.12,1.52
2014.10.13 11:23:15.856,0.83435,0.8345,1.00,1.27
2014.10.13 11:23:16.534,0.83434,0.83454,1.00,2.70
2014.10.13 11:23:16.868,0.8343,0.8345,1.00,1.17
2014.10.13 11:23:17.412,0.8343,0.8345,1.00,2.77
2014.10.13 11:23:17.614,0.83426,0.8345,1.52,3.52
2014.10.13 11:23:18.023,0.83425,0.83448,2.02,2.02
2014.10.13 11:23:18.527,0.8343,0.83447,1.00,1.52
2014.10.13 11:23:20.364,0.83424,0.83445,1.52,1.95
2014.10.13 11:23:20.516,0.83429,0.83447,1.00,1.37
2014.10.13 11:23:21.364,0.8343,0.83446,1.00,1.87
2014.10.13 11:23:22.236,0.8343,0.83447,1.00,2.62
2014.10.13 11:23:22.647,0.8343,0.83445,1.12,1.50
2014.10.13 11:23:24.139,0.83429,0.83445,1.00,1.50
2014.10.13 11:23:24.189,0.83429,0.83447,1.12,2.62
2014.10.13 11:23:24.696,0.83429,0.83447,1.00,2.62
2014.10.13 11:23:25.244,0.8343,0.83446,1.00,1.50
2014.10.13 11:23:26.103,0.83429,0.83446,1.12,1.50
2014.10.13 11:23:26.204,0.83429,0.83448,1.00,2.32
2014.10.13 11:23:26.666,0.8343,0.83452,1.45,1.52
2014.10.13 11:23:27.860,0.83432,0.83455,1.27,3.15
2014.10.13 11:23:28.162,0.83432,0.83455,1.57,2.77
2014.10.13 11:23:28.623,0.8343,0.8345,2.02,1.00
2014.10.13 11:23:28.875,0.8343,0.83449,1.00,1.57
2014.10.13 11:23:29.127,0.83426,0.83445,1.15,1.50
2014.10.13 11:23:29.279,0.83426,0.83445,1.20,1.57
2014.10.13 11:23:30.094,0.83425,0.83445,1.10,2.32
2014.10.13 11:23:30.145,0.83425,0.83439,1.00,1.87
2014.10.13 11:23:30.346,0.83424,0.83439,1.00,2.02
2014.10.13 11:23:30.397,0.8342,0.83439,1.00,2.02
2014.10.13 11:23:30.447,0.8342,0.83435,1.00,1.57
2014.10.13 11:23:30.599,0.83415,0.83435,1.10,1.57
2014.10.13 11:23:31.126,0.83415,0.83435,1.17,1.57
2014.10.13 11:23:31.177,0.83415,0.83435,1.17,1.95
2014.10.13 11:23:31.278,0.83415,0.83435,1.10,2.32
2014.10.13 11:23:31.479,0.8341,0.83433,1.65,1.57
2014.10.13 11:23:31.580,0.8341,0.83433,1.57,1.65
2014.10.13 11:23:31.681,0.8341,0.83428,1.00,1.57
2014.10.13 11:23:32.795,0.83415,0.83428,1.00,1.95
2014.10.13 11:23:33.047,0.83415,0.83432,1.00,2.02
2014.10.13 11:23:34.211,0.83415,0.83429,1.00,1.50
2014.10.13 11:23:34.362,0.8341,0.83429,1.20,1.95
2014.10.13 11:23:34.413,0.8341,0.83426,1.20,1.50
2014.10.13 11:23:34.955,0.83405,0.83427,1.55,2.02
2014.10.13 11:23:35.108,0.8341,0.83427,1.00,2.02
2014.10.13 11:23:36.652,0.8341,0.83425,1.00,1.50
2014.10.13 11:23:37.202,0.8341,0.83426,1.00,1.57
2014.10.13 11:23:38.622,0.83406,0.83426,1.47,1.57
2014.10.13 11:23:40.060,0.83406,0.83426,1.47,1.57
2014.10.13 11:23:40.284,0.83409,0.83429,1.20,2.02
2014.10.13 11:23:40.487,0.83408,0.83432,1.17,1.15
2014.10.13 11:23:40.789,0.83408,0.83432,1.20,1.15
2014.10.13 11:23:41.307,0.83406,0.8343,1.52,1.57
2014.10.13 11:23:41.670,0.83406,0.83427,1.52,1.50
2014.10.13 11:23:42.192,0.83406,0.83427,1.52,1.87
2014.10.13 11:23:42.775,0.83405,0.83426,1.45,1.95
2014.10.13 11:23:42.876,0.83405,0.83424,1.37,1.50
2014.10.13 11:23:43.202,0.83404,0.83427,1.57,2.02
2014.10.13 11:23:44.589,0.83404,0.8343,1.52,3.45
2014.10.13 11:23:44.942,0.8341,0.8343,1.12,4.95
2014.10.13 11:23:45.093,0.8341,0.8343,1.12,2.02
2014.10.13 11:23:45.396,0.8341,0.83428,1.12,2.02
2014.10.13 11:23:45.923,0.8341,0.83426,1.00,4.20
2014.10.13 11:23:47.020,0.8341,0.83428,1.00,4.20
2014.10.13 11:23:47.121,0.8341,0.83427,1.00,1.57
2014.10.13 11:23:47.203,0.83405,0.83427,1.95,1.57
2014.10.13 11:23:47.354,0.8341,0.83427,1.00,1.57
2014.10.13 11:23:47.814,0.8341,0.8343,1.12,2.77
2014.10.13 11:23:48.016,0.83415,0.83431,1.00,2.02
2014.10.13 11:23:48.643,0.8342,0.83435,1.00,3.07
2014.10.13 11:23:48.854,0.83414,0.83436,1.17,2.40
2014.10.13 11:23:48.955,0.83414,0.83433,1.65,1.87
2014.10.13 11:23:49.257,0.83414,0.83433,1.12,1.95
2014.10.13 11:23:49.971,0.83415,0.83433,1.00,1.95
2014.10.13 11:23:50.022,0.83415,0.83432,1.00,2.02
2014.10.13 11:23:50.572,0.8341,0.83432,1.87,2.02
2014.10.13 11:23:51.093,0.83415,0.83432,1.12,1.65
2014.10.13 11:23:51.244,0.83415,0.83435,1.37,1.20
2014.10.13 11:23:51.620,0.83415,0.83432,1.00,1.87
2014.10.13 11:23:52.352,0.83415,0.83432,1.00,2.02
2014.10.13 11:23:53.582,0.83414,0.83432,1.00,2.02
2014.10.13 11:23:53.883,0.83414,0.83432,1.12,1.95
2014.10.13 11:23:54.792,0.83415,0.83432,1.00,1.95
2014.10.13 11:23:54.994,0.83415,0.83434,1.00,2.02
2014.10.13 11:23:55.531,0.83414,0.8343,1.00,1.95
2014.10.13 11:23:56.281,0.83415,0.8343,1.00,1.95
2014.10.13 11:23:56.959,0.83415,0.8343,1.00,1.95
2014.10.13 11:23:57.467,0.83411,0.8343,1.57,1.87
2014.10.13 11:23:57.673,0.83415,0.83431,1.00,1.87
2014.10.13 11:23:58.187,0.83415,0.83433,1.00,2.02
2014.10.13 11:23:58.419,0.83415,0.83433,1.00,2.02
2014.10.13 11:23:59.271,0.8342,0.83437,1.00,1.52
2014.10.13 11:23:59.321,0.83415,0.83437,1.27,1.52
2014.10.13 11:23:59.906,0.83415,0.83439,2.02,4.95
2014.10.13 11:24:00.422,0.83415,0.83435,1.00,1.65
2014.10.13 11:24:01.084,0.83414,0.83435,1.10,1.65
2014.10.13 11:24:01.952,0.83414,0.83435,1.20,2.02
2014.10.13 11:24:02.349,0.83415,0.83431,1.00,1.95
2014.10.13 11:24:02.400,0.8341,0.83431,2.02,1.95
2014.10.13 11:24:04.374,0.83415,0.83433,1.00,2.77
2014.10.13 11:24:04.425,0.83415,0.83433,1.00,2.70
2014.10.13 11:24:04.728,0.8342,0.83437,1.00,2.02
2014.10.13 11:24:05.557,0.8342,0.83438,1.10,1.87
2014.10.13 11:24:05.758,0.8342,0.83439,1.47,1.95
2014.10.13 11:24:06.386,0.83422,0.83437,1.00,1.87
2014.10.13 11:24:06.538,0.8342,0.83437,1.00,2.02
2014.10.13 11:24:07.081,0.8342,0.83437,1.12,1.57
2014.10.13 11:24:08.318,0.8342,0.83439,1.37,1.57
2014.10.13 11:24:08.469,0.8342,0.83439,1.87,1.57
2014.10.13 11:24:09.152,0.8342,0.83439,1.87,1.65
2014.10.13 11:24:09.698,0.83419,0.83437,1.87,1.50
2014.10.13 11:24:10.851,0.83419,0.83436,1.37,1.50
2014.10.13 11:24:12.348,0.8342,0.83437,1.12,1.65
2014.10.13 11:24:12.449,0.8342,0.83439,1.12,1.95
2014.10.13 11:24:12.651,0.83425,0.83437,1.00,1.57
2014.10.13 11:24:12.852,0.83425,0.83441,1.00,1.57
2014.10.13 11:24:13.658,0.83424,0.83442,1.50,1.65
2014.10.13 11:24:14.262,0.83425,0.83442,1.00,2.02
2014.10.13 11:24:22.401,0.83424,0.83441,1.00,2.02
2014.10.13 11:24:23.259,0.83424,0.83441,1.00,1.65
2014.10.13 11:24:23.567,0.8343,0.83439,1.00,1.65
2014.10.13 11:24:23.669,0.83427,0.83445,1.00,2.77
2014.10.13 11:24:23.972,0.8343,0.83444,1.00,1.65
2014.10.13 11:24:24.648,0.83429,0.83444,1.00,1.65
2014.10.13 11:24:25.212,0.83429,0.83441,1.00,1.50
2014.10.13 11:24:26.392,0.8343,0.83441,1.00,1.50
2014.10.13 11:24:27.105,0.8343,0.83436,1.00,1.50
2014.10.13 11:24:27.206,0.83424,0.83436,1.37,1.50
2014.10.13 11:24:27.257,0.83424,0.8344,1.37,1.50
2014.10.13 11:24:27.408,0.8343,0.8344,1.00,1.50
2014.10.13 11:24:27.459,0.8343,0.83444,1.00,1.57
2014.10.13 11:24:27.560,0.8343,0.83444,1.00,1.57
2014.10.13 11:24:29.371,0.83429,0.83444,1.12,1.57
2014.10.13 11:24:29.875,0.8343,0.83444,1.12,1.57
2014.10.13 11:24:30.433,0.8343,0.83442,1.00,1.50
2014.10.13 11:24:30.936,0.83429,0.83442,1.00,1.50
2014.10.13 11:24:31.783,0.8343,0.83442,1.00,1.50
2014.10.13 11:24:31.985,0.8343,0.83447,1.00,1.95
2014.10.13 11:24:32.136,0.83435,0.83447,1.00,1.57
2014.10.13 11:24:32.187,0.83435,0.83449,1.00,1.57
2014.10.13 11:24:32.338,0.8343,0.83448,1.00,1.50
2014.10.13 11:24:32.389,0.8343,0.83446,1.00,1.50
2014.10.13 11:24:32.692,0.83435,0.83449,1.00,1.65
2014.10.13 11:24:32.910,0.8343,0.83449,1.00,1.65
2014.10.13 11:24:32.960,0.8343,0.83444,1.00,1.50
2014.10.13 11:24:33.620,0.8343,0.83441,1.00,1.50
2014.10.13 11:24:35.411,0.83424,0.83441,1.12,1.50
2014.10.13 11:24:36.246,0.83424,0.83442,1.12,1.87
2014.10.13 11:24:36.755,0.83425,0.83441,1.00,1.50
2014.10.13 11:24:37.363,0.83425,0.83443,1.12,1.95
2014.10.13 11:24:37.413,0.8343,0.83443,1.00,1.95
2014.10.13 11:24:37.834,0.83424,0.83442,1.57,1.50
2014.10.13 11:24:38.158,0.83424,0.83438,1.37,1.50
2014.10.13 11:24:38.480,0.83419,0.83435,1.85,1.50
2014.10.13 11:24:38.681,0.8342,0.83435,1.00,1.50
2014.10.13 11:24:39.372,0.83419,0.83435,1.00,1.50
2014.10.13 11:24:39.574,0.83419,0.83438,1.27,1.87
2014.10.13 11:24:40.133,0.8342,0.83437,1.00,1.65
2014.10.13 11:24:48.421,0.8342,0.83437,1.00,1.50
2014.10.13 11:24:49.126,0.8342,0.83438,1.37,1.57
2014.10.13 11:24:49.796,0.8342,0.83438,1.00,1.57
2014.10.13 11:24:50.360,0.83419,0.83438,1.12,1.57
2014.10.13 11:24:50.792,0.83419,0.83438,1.37,1.57
2014.10.13 11:24:51.853,0.83419,0.83442,1.52,2.40
2014.10.13 11:24:51.904,0.83419,0.83442,1.90,2.32
2014.10.13 11:24:52.411,0.83425,0.83437,1.00,1.50
2014.10.13 11:24:52.461,0.8342,0.83437,1.37,1.50
2014.10.13 11:24:52.970,0.8342,0.83437,1.00,1.50
2014.10.13 11:24:55.062,0.8342,0.83438,1.00,1.50
2014.10.13 11:24:55.570,0.8342,0.83437,1.00,1.50
2014.10.13 11:25:01.787,0.8342,0.83436,1.12,1.50
2014.10.13 11:25:02.366,0.83416,0.83436,1.52,1.50
2014.10.13 11:25:02.884,0.83416,0.83436,1.52,1.50
2014.10.13 11:25:03.173,0.83419,0.83437,1.37,1.50
2014.10.13 11:25:04.060,0.83419,0.83437,1.12,1.50
2014.10.13 11:25:04.563,0.8342,0.83436,1.12,1.50
2014.10.13 11:25:14.333,0.8342,0.83439,1.00,1.65
2014.10.13 11:25:14.434,0.83418,0.83434,1.15,1.50
2014.10.13 11:25:14.485,0.83418,0.83434,1.00,1.50
2014.10.13 11:25:14.737,0.83416,0.83438,1.15,1.57
2014.10.13 11:25:14.788,0.83416,0.83438,1.17,1.65
2014.10.13 11:25:15.101,0.8342,0.83438,1.00,1.50
2014.10.13 11:25:15.403,0.83424,0.8344,1.00,1.87
2014.10.13 11:25:15.705,0.83424,0.8344,1.00,1.87
2014.10.13 11:25:15.790,0.83424,0.8344,1.00,1.50
2014.10.13 11:25:16.342,0.83417,0.8344,3.07,2.25
2014.10.13 11:25:16.392,0.83417,0.83435,3.45,1.50
2014.10.13 11:25:16.702,0.83415,0.8343,1.37,1.50
2014.10.13 11:25:17.297,0.83415,0.8343,1.12,1.50
2014.10.13 11:25:20.611,0.83415,0.8343,1.37,1.50
2014.10.13 11:25:20.712,0.83415,0.83432,1.37,1.57
2014.10.13 11:25:20.915,0.83414,0.83434,1.57,1.50
2014.10.13 11:25:22.491,0.8342,0.83434,1.00,1.87
2014.10.13 11:25:22.712,0.83415,0.83437,1.12,2.02
2014.10.13 11:25:23.962,0.83415,0.83435,1.00,2.25
2014.10.13 11:25:24.063,0.83415,0.83437,1.12,4.95
2014.10.13 11:25:25.654,0.83415,0.83435,1.10,2.02
2014.10.13 11:25:26.341,0.83415,0.83436,1.20,2.70
2014.10.13 11:25:26.911,0.83415,0.83436,1.45,1.47
2014.10.13 11:25:27.519,0.83415,0.83433,1.45,1.50
2014.10.13 11:25:27.670,0.83415,0.83436,1.00,1.55
2014.10.13 11:25:28.341,0.83414,0.83436,1.10,1.55
2014.10.13 11:25:28.954,0.83415,0.83436,1.37,1.55
2014.10.13 11:25:30.787,0.83415,0.83436,1.37,1.55
2014.10.13 11:25:31.089,0.8342,0.83437,1.00,1.12
2014.10.13 11:25:31.391,0.83417,0.83442,1.27,3.15
2014.10.13 11:25:32.102,0.8342,0.83442,1.00,2.77
2014.10.13 11:25:32.614,0.83419,0.8344,1.37,1.57
2014.10.13 11:25:34.323,0.8342,0.8344,1.00,1.57
2014.10.13 11:25:34.892,0.8342,0.8344,1.12,1.57
2014.10.13 11:25:36.522,0.8342,0.83439,1.00,1.87
2014.10.13 11:25:36.624,0.8342,0.8344,1.12,1.57
2014.10.13 11:25:37.539,0.8342,0.8344,1.00,1.57
2014.10.13 11:25:38.996,0.83425,0.83443,1.00,3.15
2014.10.13 11:25:41.927,0.83425,0.83443,1.00,3.15
2014.10.13 11:25:41.978,0.83419,0.83443,1.50,3.15
2014.10.13 11:25:42.079,0.8342,0.83438,1.00,2.02
2014.10.13 11:25:47.354,0.8342,0.83437,1.00,1.55
2014.10.13 11:25:48.572,0.83415,0.83437,1.55,1.55
2014.10.13 11:25:48.657,0.83415,0.83437,1.55,1.55
2014.10.13 11:25:49.284,0.83415,0.83437,1.37,3.45
2014.10.13 11:25:49.439,0.83415,0.83438,1.47,2.02
2014.10.13 11:25:53.522,0.83419,0.83438,1.00,2.02
2014.10.13 11:25:54.982,0.83415,0.83437,1.47,2.77
2014.10.13 11:25:55.486,0.83415,0.83437,1.20,2.77
2014.10.13 11:25:55.897,0.83415,0.83436,1.00,2.02
2014.10.13 11:25:56.598,0.83415,0.83436,1.00,2.77
2014.10.13 11:25:56.931,0.83415,0.83436,1.55,2.77
2014.10.13 11:26:01.740,0.83415,0.83435,1.27,1.95
2014.10.13 11:26:02.301,0.83414,0.83434,1.47,1.20
2014.10.13 11:26:06.967,0.83415,0.83434,1.37,1.10
2014.10.13 11:26:07.519,0.83415,0.83434,1.12,1.20
2014.10.13 11:26:08.071,0.83414,0.83433,1.20,1.87
2014.10.13 11:26:08.592,0.83415,0.83433,1.00,1.87
2014.10.13 11:26:12.539,0.83415,0.83434,1.00,2.32
2014.10.13 11:26:15.345,0.83415,0.83434,1.00,2.70
2014.10.13 11:26:15.946,0.83415,0.83434,1.12,2.70
2014.10.13 11:26:16.449,0.8341,0.83434,4.20,2.70
2014.10.13 11:26:17.952,0.83414,0.83434,1.47,1.95
2014.10.13 11:26:18.490,0.83414,0.83434,1.20,1.57
2014.10.13 11:26:18.855,0.83414,0.83434,1.10,1.95
2014.10.13 11:26:20.658,0.83414,0.83434,1.20,1.95
2014.10.13 11:26:22.393,0.8341,0.83434,2.40,2.02
2014.10.13 11:26:22.691,0.8341,0.83434,2.02,2.02
2014.10.13 11:26:23.283,0.8341,0.83434,2.02,2.02
2014.10.13 11:26:24.040,0.83415,0.83434,1.00,2.02
2014.10.13 11:26:27.009,0.83415,0.83434,1.00,2.02
2014.10.13 11:26:27.213,0.8341,0.83433,1.52,1.95
2014.10.13 11:26:27.972,0.8341,0.83435,2.77,3.15
2014.10.13 11:26:29.676,0.8341,0.83435,3.52,3.52
2014.10.13 11:26:30.701,0.83414,0.83435,1.00,2.77
2014.10.13 11:26:31.327,0.83414,0.83435,1.00,3.15
2014.10.13 11:26:36.237,0.8341,0.83435,3.52,3.90
2014.10.13 11:26:41.500,0.8341,0.83433,2.02,1.95
2014.10.13 11:26:42.212,0.8341,0.83433,1.27,2.02
2014.10.13 11:26:43.020,0.83415,0.83433,1.00,2.02
2014.10.13 11:26:43.302,0.83415,0.83433,1.00,2.02
2014.10.13 11:26:43.951,0.83415,0.83433,1.00,2.02
2014.10.13 11:26:45.021,0.83415,0.83433,1.00,2.02
2014.10.13 11:26:45.350,0.8342,0.83433,1.00,1.65
2014.10.13 11:26:45.451,0.8342,0.83435,1.00,1.47
2014.10.13 11:26:45.552,0.83415,0.83437,1.27,1.47
2014.10.13 11:26:46.110,0.83415,0.83434,1.15,1.87
2014.10.13 11:26:46.225,0.83415,0.83434,1.10,1.95
2014.10.13 11:26:46.821,0.83415,0.83434,1.10,1.95
2014.10.13 11:26:50.057,0.83411,0.83433,2.70,2.62
2014.10.13 11:26:53.128,0.83411,0.83433,2.70,2.62
2014.10.13 11:26:53.440,0.83409,0.83433,4.20,2.77
2014.10.13 11:26:53.748,0.83409,0.8343,4.20,1.87
2014.10.13 11:26:53.849,0.83409,0.8343,1.17,1.87
2014.10.13 11:26:53.954,0.83409,0.8343,1.00,2.02
2014.10.13 11:26:54.478,0.8341,0.83428,1.00,1.55
2014.10.13 11:27:04.794,0.8341,0.8343,1.12,2.02
2014.10.13 11:27:05.375,0.83415,0.83431,1.00,1.15
2014.10.13 11:27:05.476,0.83415,0.83432,1.00,1.17
2014.10.13 11:27:05.990,0.83414,0.83435,1.00,2.70
2014.10.13 11:27:06.501,0.83415,0.83435,1.00,4.20
2014.10.13 11:27:08.696,0.83411,0.83433,1.10,2.02
2014.10.13 11:27:09.530,0.83415,0.83431,1.00,1.95
2014.10.13 11:27:10.700,0.83415,0.83431,1.00,1.95
2014.10.13 11:27:10.751,0.8341,0.83431,2.02,1.95
2014.10.13 11:27:11.288,0.8341,0.83434,2.02,2.77
2014.10.13 11:27:16.556,0.8341,0.83433,2.02,2.02
2014.10.13 11:27:17.095,0.8341,0.83433,1.55,2.02
2014.10.13 11:27:17.651,0.8341,0.83433,1.55,2.02
2014.10.13 11:27:22.475,0.8341,0.83433,1.52,2.02
2014.10.13 11:27:22.999,0.8341,0.83433,1.52,2.02
2014.10.13 11:27:28.280,0.8341,0.83433,1.52,2.02
2014.10.13 11:27:30.881,0.83415,0.83432,1.00,1.47
2014.10.13 11:27:31.089,0.8341,0.8343,1.27,1.37
2014.10.13 11:27:31.741,0.8341,0.8343,1.27,1.37
2014.10.13 11:27:32.364,0.8341,0.8343,1.27,1.12
2014.10.13 11:27:32.505,0.8341,0.8343,1.27,1.12
2014.10.13 11:27:33.066,0.8341,0.8343,1.27,1.12
2014.10.13 11:27:41.050,0.83411,0.8343,2.70,1.00
2014.10.13 11:27:41.649,0.83415,0.83433,1.10,1.87
2014.10.13 11:27:42.395,0.83415,0.83433,1.10,1.87
2014.10.13 11:27:43.767,0.8341,0.8343,2.02,1.12
2014.10.13 11:27:44.306,0.8341,0.8343,1.65,1.37
2014.10.13 11:27:50.204,0.8341,0.8343,1.65,1.37
2014.10.13 11:27:51.107,0.8341,0.8343,1.65,1.37
2014.10.13 11:27:52.353,0.8341,0.8343,1.65,1.37
2014.10.13 11:27:52.555,0.8341,0.83429,1.00,2.02
2014.10.13 11:27:53.060,0.8341,0.8343,1.00,2.77
2014.10.13 11:27:55.851,0.8341,0.8343,1.00,3.15
2014.10.13 11:27:56.176,0.83409,0.8343,1.00,1.52
2014.10.13 11:27:56.732,0.83409,0.8343,1.00,1.52
2014.10.13 11:27:57.291,0.83409,0.83429,1.00,2.40
2014.10.13 11:27:57.392,0.8341,0.8343,1.00,1.55
2014.10.13 11:27:57.442,0.8341,0.8343,2.40,1.37
2014.10.13 11:27:57.543,0.8341,0.8343,1.20,1.37
2014.10.13 11:27:57.594,0.83413,0.8343,1.00,1.37
2014.10.13 11:27:57.695,0.83415,0.83435,1.00,2.40
2014.10.13 11:27:58.449,0.83415,0.83433,1.00,2.02
2014.10.13 11:27:58.601,0.8341,0.8343,1.95,1.00
2014.10.13 11:27:59.165,0.8341,0.8343,1.00,1.20
2014.10.13 11:27:59.316,0.8341,0.8343,1.17,1.12
2014.10.13 11:27:59.719,0.83415,0.83434,1.00,2.40
2014.10.13 11:28:04.338,0.83415,0.83435,1.00,2.77
2014.10.13 11:28:04.917,0.83415,0.83435,1.00,1.55
2014.10.13 11:28:10.012,0.83415,0.83435,1.37,1.27
2014.10.13 11:28:10.489,0.8342,0.83436,1.00,1.52
2014.10.13 11:28:11.589,0.83415,0.83435,1.12,1.55
2014.10.13 11:28:12.127,0.83415,0.83435,1.00,1.55
2014.10.13 11:28:13.532,0.83415,0.83435,1.00,1.55
2014.10.13 11:28:14.554,0.83415,0.83435,1.00,1.55
2014.10.13 11:28:15.844,0.83415,0.83435,1.37,1.17
2014.10.13 11:28:15.995,0.8342,0.83434,1.00,2.40
2014.10.13 11:28:16.096,0.8342,0.83434,1.00,1.10
2014.10.13 11:28:16.147,0.83414,0.83433,1.10,1.57
2014.10.13 11:28:16.248,0.83414,0.83431,1.00,1.50
2014.10.13 11:28:16.550,0.8341,0.83431,1.00,1.15
2014.10.13 11:28:17.007,0.83415,0.83431,1.00,2.40
2014.10.13 11:28:18.003,0.8341,0.83431,1.00,2.77
2014.10.13 11:28:18.854,0.8341,0.83431,1.12,2.77
2014.10.13 11:28:19.375,0.8341,0.83431,1.12,2.77
2014.10.13 11:28:20.258,0.8341,0.83431,1.00,4.95
2014.10.13 11:28:22.489,0.8341,0.83431,1.12,2.02
2014.10.13 11:28:23.088,0.8341,0.83431,1.12,2.02
2014.10.13 11:28:23.698,0.8341,0.83431,1.12,2.02
2014.10.13 11:28:24.799,0.8341,0.83431,1.00,2.02
2014.10.13 11:28:32.380,0.8341,0.83431,1.37,1.65
2014.10.13 11:28:32.532,0.83412,0.83432,2.02,1.00
2014.10.13 11:28:32.583,0.83412,0.83434,2.02,1.27
2014.10.13 11:28:32.634,0.8342,0.83434,1.00,1.12
2014.10.13 11:28:32.735,0.83415,0.83435,1.47,1.20
2014.10.13 11:28:33.409,0.83419,0.83438,1.00,1.52
2014.10.13 11:28:35.134,0.83414,0.83436,3.45,1.20
2014.10.13 11:28:38.913,0.83414,0.83436,3.45,1.07
2014.10.13 11:28:39.918,0.83417,0.8344,1.20,2.77
2014.10.13 11:28:40.018,0.83417,0.8344,1.27,2.77
2014.10.13 11:28:54.446,0.83418,0.8344,1.27,1.45
2014.10.13 11:28:54.496,0.8342,0.83442,1.52,2.70
2014.10.13 11:28:54.547,0.83423,0.83442,2.25,1.20
2014.10.13 11:28:54.598,0.83423,0.83444,4.87,1.00
2014.10.13 11:28:54.699,0.83428,0.83448,1.17,1.50
2014.10.13 11:28:55.347,0.83429,0.8345,2.32,1.07
2014.10.13 11:28:55.499,0.83431,0.83454,1.15,1.95
2014.10.13 11:28:55.549,0.83431,0.83452,1.17,1.57
2014.10.13 11:28:55.701,0.83429,0.8345,1.10,1.07
2014.10.13 11:28:55.852,0.83429,0.8345,1.10,1.15
2014.10.13 11:28:55.903,0.83425,0.83449,1.15,1.15
2014.10.13 11:28:56.801,0.83425,0.83449,1.52,1.52
2014.10.13 11:28:57.387,0.83425,0.83449,1.52,1.52
2014.10.13 11:28:57.938,0.83424,0.83449,4.20,1.55
2014.10.13 11:28:58.258,0.83424,0.83449,2.02,3.15
2014.10.13 11:28:59.636,0.83425,0.83449,1.27,1.52
2014.10.13 11:29:02.591,0.83424,0.83449,2.02,2.77
2014.10.13 11:29:03.043,0.83425,0.83449,1.27,1.55
2014.10.13 11:29:03.353,0.8343,0.83449,1.00,2.77
2014.10.13 11:29:03.403,0.83426,0.83449,1.27,2.02
2014.10.13 11:29:03.603,0.83426,0.83449,1.27,2.02
2014.10.13 11:29:04.398,0.83426,0.8345,1.15,3.52
2014.10.13 11:29:05.079,0.83426,0.8345,1.52,3.52
2014.10.13 11:29:05.445,0.83426,0.8345,1.52,3.52
2014.10.13 11:29:05.653,0.83429,0.8345,1.95,1.65
2014.10.13 11:29:05.956,0.83431,0.83455,3.45,1.55
2014.10.13 11:29:06.107,0.83435,0.83458,2.70,1.50
2014.10.13 11:29:06.410,0.83436,0.83456,1.15,1.10
2014.10.13 11:29:06.612,0.83434,0.83456,1.10,1.65
2014.10.13 11:29:06.857,0.8344,0.83456,1.00,1.07
2014.10.13 11:29:07.008,0.8344,0.83459,1.10,1.10
2014.10.13 11:29:07.669,0.83439,0.8346,1.20,1.95
2014.10.13 11:29:08.410,0.83439,0.8346,1.20,1.95
2014.10.13 11:29:09.115,0.83439,0.83461,1.57,1.17
2014.10.13 11:29:09.644,0.8344,0.8346,1.00,2.40
2014.10.13 11:29:10.248,0.8344,0.8346,1.07,1.17
2014.10.13 11:29:10.832,0.8344,0.8346,1.17,1.10
2014.10.13 11:29:14.158,0.8344,0.8346,1.17,2.70
2014.10.13 11:29:14.359,0.8344,0.8346,1.00,2.77
2014.10.13 11:29:14.410,0.83438,0.8346,1.10,2.77
2014.10.13 11:29:14.511,0.83435,0.83458,1.17,2.77
2014.10.13 11:29:14.562,0.83435,0.83458,1.55,2.77
2014.10.13 11:29:15.116,0.83435,0.83458,1.55,2.77
2014.10.13 11:29:15.590,0.83438,0.83455,1.00,1.57
2014.10.13 11:29:15.893,0.83441,0.83459,1.00,2.02
2014.10.13 11:29:16.346,0.83443,0.83462,1.00,4.20
2014.10.13 11:29:16.547,0.83443,0.83462,1.00,2.02
2014.10.13 11:29:16.598,0.83446,0.83462,1.00,2.02
2014.10.13 11:29:17.338,0.83445,0.83461,1.00,1.20
2014.10.13 11:29:18.768,0.83444,0.8346,1.00,1.20
2014.10.13 11:29:19.684,0.83445,0.83463,1.00,2.02
2014.10.13 11:29:21.557,0.83445,0.83464,1.00,4.57
2014.10.13 11:29:22.139,0.83443,0.8346,1.00,1.47
2014.10.13 11:29:22.675,0.83442,0.83461,1.00,1.52
2014.10.13 11:29:27.591,0.83444,0.83461,1.00,1.52
2014.10.13 11:29:28.610,0.83444,0.8346,1.00,1.00
2014.10.13 11:29:29.146,0.83445,0.8346,1.00,1.12
2014.10.13 11:29:29.458,0.83443,0.83461,1.00,2.70
2014.10.13 11:29:30.365,0.83443,0.83461,1.00,2.70
2014.10.13 11:29:33.067,0.83444,0.83461,1.00,1.47
2014.10.13 11:29:33.219,0.83444,0.83461,1.00,1.20
2014.10.13 11:29:33.901,0.83444,0.83461,1.00,1.47
2014.10.13 11:29:33.952,0.83446,0.83461,1.00,1.47
2014.10.13 11:29:34.353,0.83448,0.83461,1.00,1.47
2014.10.13 11:29:36.026,0.83445,0.83461,1.00,1.47
2014.10.13 11:29:36.077,0.83445,0.8346,1.00,2.25
2014.10.13 11:29:36.279,0.83436,0.83455,1.07,1.07
2014.10.13 11:29:36.430,0.8344,0.83458,1.00,2.02
2014.10.13 11:29:36.693,0.83439,0.83459,1.00,1.57
2014.10.13 11:29:37.407,0.83439,0.83459,1.00,1.95
2014.10.13 11:29:37.928,0.83441,0.8346,1.00,1.20
2014.10.13 11:29:38.336,0.83443,0.8346,1.00,1.12
2014.10.13 11:29:38.656,0.83445,0.83461,1.00,1.57
2014.10.13 11:29:39.079,0.83443,0.8346,1.00,1.12
2014.10.13 11:29:40.467,0.83444,0.83464,1.00,2.02
2014.10.13 11:29:41.387,0.83444,0.8346,1.00,1.50
2014.10.13 11:29:42.008,0.83444,0.83463,1.00,2.02
2014.10.13 11:29:42.538,0.83444,0.83463,1.00,2.02
2014.10.13 11:29:42.926,0.83442,0.8346,1.10,1.12
2014.10.13 11:29:45.376,0.83444,0.8346,1.00,1.12
2014.10.13 11:29:49.605,0.83444,0.83466,1.87,3.45
2014.10.13 11:29:49.706,0.83445,0.83466,1.10,2.77
2014.10.13 11:29:53.377,0.83445,0.8346,1.10,1.50
2014.10.13 11:29:53.679,0.83442,0.83457,1.00,1.87
2014.10.13 11:29:53.780,0.83436,0.83455,1.45,1.00
2014.10.13 11:29:54.396,0.83436,0.83455,1.47,1.00
2014.10.13 11:29:55.416,0.83435,0.83457,2.02,2.02
2014.10.13 11:29:56.115,0.83435,0.83457,2.02,2.02
2014.10.13 11:29:58.366,0.83435,0.83457,2.02,1.65
2014.10.13 11:29:58.417,0.8344,0.83457,1.10,1.50
2014.10.13 11:29:58.467,0.8344,0.8346,1.10,2.70
2014.10.13 11:29:58.654,0.83438,0.8346,1.15,2.70
2014.10.13 11:29:58.806,0.83437,0.83457,1.17,1.87
2014.10.13 11:29:58.857,0.8344,0.83457,1.00,1.50
2014.10.13 11:29:59.159,0.8344,0.8346,1.57,1.00
2014.10.13 11:29:59.461,0.83439,0.83458,1.07,1.50
2014.10.13 11:29:59.612,0.83437,0.83458,1.20,1.65
2014.10.13 11:30:01.835,0.83437,0.83459,1.47,2.02
2014.10.13 11:30:02.135,0.83437,0.83458,1.20,1.65
2014.10.13 11:30:05.849,0.83435,0.83458,2.02,2.02
2014.10.13 11:30:06.509,0.83436,0.83455,1.55,1.00
2014.10.13 11:30:07.126,0.83436,0.83459,1.55,2.02
2014.10.13 11:30:07.382,0.83438,0.83459,1.37,1.65
2014.10.13 11:30:10.652,0.83438,0.83459,1.37,1.65
2014.10.13 11:30:11.454,0.83438,0.83459,1.37,1.65
2014.10.13 11:30:13.783,0.83438,0.83459,1.37,1.65
2014.10.13 11:30:13.985,0.8344,0.83459,1.20,1.57
2014.10.13 11:30:14.843,0.8344,0.83459,1.12,1.65
2014.10.13 11:30:17.317,0.8344,0.83459,1.37,1.65
2014.10.13 11:30:18.478,0.8344,0.83459,1.12,1.65
2014.10.13 11:30:21.038,0.83441,0.8346,1.00,1.17
2014.10.13 11:30:21.089,0.83441,0.8346,1.00,1.20
2014.10.13 11:30:21.240,0.83444,0.8346,1.00,1.00
2014.10.13 11:30:27.867,0.8344,0.8346,1.55,1.10
2014.10.13 11:30:27.969,0.8344,0.8346,1.12,1.07
2014.10.13 11:30:28.070,0.83441,0.83461,1.10,1.10
2014.10.13 11:30:28.788,0.83441,0.83461,1.27,1.00
2014.10.13 11:30:29.291,0.83442,0.8346,1.27,1.00
2014.10.13 11:30:29.398,0.83444,0.83466,1.00,3.45
2014.10.13 11:30:29.629,0.83446,0.83465,1.00,1.52
2014.10.13 11:30:29.680,0.83446,0.83465,1.00,1.07
2014.10.13 11:30:30.222,0.83448,0.83465,1.00,1.07
2014.10.13 11:30:31.768,0.83448,0.83469,1.17,2.02
2014.10.13 11:30:32.171,0.83451,0.8347,1.37,1.10
2014.10.13 11:30:32.498,0.83454,0.8347,1.00,1.00
2014.10.13 11:30:33.988,0.83454,0.8347,1.07,1.00
2014.10.13 11:30:34.233,0.83455,0.83476,1.10,1.27
2014.10.13 11:30:36.115,0.83455,0.83475,1.00,1.27
2014.10.13 11:30:36.267,0.83455,0.83473,1.00,2.02
2014.10.13 11:30:36.317,0.83451,0.83472,1.00,2.02
2014.10.13 11:30:36.853,0.8345,0.83469,1.10,1.50
2014.10.13 11:30:38.519,0.8345,0.83471,1.10,2.02
2014.10.13 11:30:42.579,0.8345,0.8347,1.10,1.17
2014.10.13 11:30:42.680,0.8345,0.83469,1.00,1.65
2014.10.13 11:30:43.347,0.8345,0.8347,1.00,4.20
2014.10.13 11:30:43.719,0.8345,0.83471,1.00,1.52
2014.10.13 11:30:44.662,0.8345,0.83472,1.00,1.52
2014.10.13 11:30:47.049,0.8345,0.83473,1.37,4.95
2014.10.13 11:30:48.236,0.83451,0.83473,1.37,3.82
2014.10.13 11:30:48.387,0.83451,0.83474,1.52,2.02
2014.10.13 11:30:48.617,0.83452,0.83474,1.17,1.65
2014.10.13 11:30:48.919,0.8345,0.8347,1.20,1.10
2014.10.13 11:30:49.071,0.83452,0.83471,1.00,1.27
2014.10.13 11:30:49.398,0.83454,0.83475,1.00,1.52
2014.10.13 11:30:49.703,0.83455,0.83479,1.65,3.15
2014.10.13 11:30:49.855,0.83455,0.83479,1.65,3.15
2014.10.13 11:30:49.949,0.83455,0.83479,1.65,3.15
2014.10.13 11:30:50.078,0.83456,0.83479,1.10,2.02
2014.10.13 11:30:50.128,0.83456,0.83479,1.17,2.02
2014.10.13 11:30:50.435,0.83458,0.83478,1.07,1.87
2014.10.13 11:30:51.964,0.83458,0.8348,1.07,2.70
2014.10.13 11:30:52.216,0.83457,0.83477,1.12,1.50
2014.10.13 11:30:52.317,0.83457,0.83478,1.27,1.87
2014.10.13 11:30:52.849,0.83457,0.83479,1.15,1.57
2014.10.13 11:30:53.378,0.83457,0.83479,1.27,1.95
2014.10.13 11:30:53.707,0.83456,0.83476,3.45,1.00
2014.10.13 11:30:53.758,0.83456,0.83476,1.52,1.00
2014.10.13 11:30:53.859,0.83456,0.83476,1.20,1.17
2014.10.13 11:30:53.909,0.83455,0.83479,2.02,2.70
2014.10.13 11:30:53.960,0.83455,0.8348,2.02,2.77
2014.10.13 11:30:54.567,0.83457,0.8348,1.20,2.77
2014.10.13 11:31:01.144,0.83457,0.8348,1.15,2.02
2014.10.13 11:31:01.957,0.83457,0.83475,1.15,1.00
2014.10.13 11:31:02.058,0.83457,0.83475,1.00,1.00
2014.10.13 11:31:02.273,0.83457,0.83478,1.00,1.65
2014.10.13 11:31:02.898,0.83458,0.8348,1.00,2.02
2014.10.13 11:31:03.597,0.83458,0.8348,1.47,1.65
2014.10.13 11:31:03.748,0.8346,0.8348,1.12,1.57
2014.10.13 11:31:03.950,0.83461,0.83485,1.10,4.95
2014.10.13 11:31:04.051,0.83461,0.83485,1.27,2.77
2014.10.13 11:31:04.151,0.83464,0.83485,1.00,2.77
2014.10.13 11:31:04.466,0.83463,0.83485,1.17,2.77
2014.10.13 11:31:04.947,0.83461,0.83481,1.10,1.20
2014.10.13 11:31:05.589,0.8346,0.8348,2.02,1.37
2014.10.13 11:31:06.144,0.8346,0.8348,1.65,1.37
2014.10.13 11:31:06.297,0.8346,0.8348,1.65,1.12
2014.10.13 11:31:08.503,0.8346,0.8348,1.65,1.37
2014.10.13 11:31:08.805,0.8346,0.83479,1.00,2.02
2014.10.13 11:31:08.906,0.83457,0.83479,1.00,2.02
2014.10.13 11:31:08.957,0.83457,0.83474,1.00,1.57
2014.10.13 11:31:09.108,0.83452,0.83474,1.00,3.82
2014.10.13 11:31:09.712,0.83453,0.83474,1.12,4.20
2014.10.13 11:31:10.016,0.83453,0.83474,1.37,2.02
2014.10.13 11:31:10.717,0.83453,0.83474,1.37,2.02
2014.10.13 11:31:11.923,0.83454,0.83474,1.00,2.02
2014.10.13 11:31:12.126,0.83454,0.83474,1.12,2.02
2014.10.13 11:31:16.238,0.83454,0.83474,1.00,2.02
2014.10.13 11:31:17.153,0.83454,0.83475,1.00,2.77
2014.10.13 11:31:18.355,0.83454,0.83474,1.00,2.02
2014.10.13 11:31:18.457,0.83454,0.83473,1.00,1.87
2014.10.13 11:31:18.576,0.83454,0.83473,1.00,1.87
2014.10.13 11:31:20.778,0.83454,0.83473,1.00,1.87
2014.10.13 11:31:21.695,0.83454,0.83475,1.00,1.52
2014.10.13 11:31:22.301,0.83454,0.83475,1.00,1.52
2014.10.13 11:31:23.167,0.83454,0.83475,1.00,1.15
2014.10.13 11:31:23.569,0.83454,0.83475,1.15,1.00
2014.10.13 11:31:23.670,0.83454,0.83475,1.17,1.17
2014.10.13 11:31:24.995,0.83454,0.83475,1.17,2.77
2014.10.13 11:31:26.273,0.83454,0.83475,1.17,2.77
2014.10.13 11:31:28.377,0.83454,0.83475,1.17,2.77
2014.10.13 11:31:29.178,0.83454,0.83475,1.17,2.77
2014.10.13 11:31:29.779,0.83454,0.83475,1.17,2.77
2014.10.13 11:31:30.581,0.83454,0.83475,1.17,2.77
2014.10.13 11:31:34.188,0.83454,0.83475,1.17,1.55
2014.10.13 11:31:34.288,0.83454,0.83475,1.17,1.55
2014.10.13 11:31:34.789,0.83454,0.83475,1.27,1.55
2014.10.13 11:31:36.016,0.83454,0.83475,1.17,2.77
2014.10.13 11:31:36.168,0.83452,0.83472,1.10,1.87
2014.10.13 11:31:36.930,0.83452,0.8347,1.00,1.17
2014.10.13 11:31:37.726,0.8345,0.8347,1.47,1.17
2014.10.13 11:31:38.262,0.8345,0.8347,1.20,1.17
2014.10.13 11:31:41.346,0.83451,0.83471,1.20,1.57
2014.10.13 11:31:41.447,0.83451,0.83474,1.52,2.02
2014.10.13 11:31:44.130,0.83453,0.83475,1.47,2.77
2014.10.13 11:31:44.231,0.83453,0.83474,1.20,1.57
2014.10.13 11:31:44.432,0.8345,0.8347,1.07,1.07
2014.10.13 11:31:44.483,0.8345,0.83469,1.00,1.65
2014.10.13 11:31:44.534,0.83445,0.83469,1.55,1.65
2014.10.13 11:31:44.685,0.83445,0.83465,1.55,1.50
2014.10.13 11:31:45.241,0.83445,0.83465,1.07,1.00
2014.10.13 11:31:45.292,0.83444,0.83466,1.17,1.17
2014.10.13 11:31:45.936,0.83445,0.83465,1.55,1.10
2014.10.13 11:31:46.456,0.83444,0.83465,1.57,1.65
2014.10.13 11:31:46.607,0.83444,0.83465,1.47,1.65
2014.10.13 11:31:47.131,0.83444,0.83465,1.37,1.65
2014.10.13 11:31:47.732,0.83445,0.83465,1.37,1.15
2014.10.13 11:31:49.268,0.83445,0.83465,1.00,1.65
2014.10.13 11:31:49.369,0.83441,0.83461,1.37,2.40
2014.10.13 11:31:49.586,0.83437,0.83456,1.45,1.10
2014.10.13 11:31:49.687,0.8344,0.83459,1.00,3.82
2014.10.13 11:31:49.888,0.8344,0.83459,1.00,1.65
2014.10.13 11:31:49.989,0.83439,0.8346,1.00,2.40
2014.10.13 11:31:50.240,0.83439,0.83457,1.15,1.00
2014.10.13 11:31:50.593,0.83441,0.8346,1.00,1.20
2014.10.13 11:31:51.101,0.8344,0.8346,1.10,1.10
2014.10.13 11:31:51.202,0.83438,0.8346,1.17,1.07
2014.10.13 11:31:51.302,0.83435,0.83459,2.02,1.17
2014.10.13 11:31:51.836,0.83435,0.83458,1.47,1.17
2014.10.13 11:31:52.530,0.83435,0.83458,3.45,1.10
2014.10.13 11:31:53.236,0.83436,0.8346,1.20,5.32
2014.10.13 11:31:54.054,0.83435,0.83458,1.55,1.55
2014.10.13 11:31:54.555,0.83435,0.83458,1.37,1.52
2014.10.13 11:31:55.269,0.83435,0.83458,1.37,1.52
2014.10.13 11:31:55.759,0.83435,0.83458,1.55,1.52
2014.10.13 11:31:56.062,0.83435,0.83459,2.02,1.45
2014.10.13 11:31:56.397,0.8344,0.8346,1.00,1.17
2014.10.13 11:31:56.548,0.8344,0.8346,3.00,1.00
2014.10.13 11:31:56.652,0.83445,0.83464,1.00,1.15
2014.10.13 11:31:56.959,0.8344,0.8346,3.00,1.00
2014.10.13 11:31:57.665,0.83439,0.83458,1.00,2.02
2014.10.13 11:31:57.816,0.83435,0.83455,1.10,1.20
2014.10.13 11:31:57.867,0.83435,0.83455,1.00,1.52
2014.10.13 11:31:59.969,0.83435,0.83455,1.00,1.52
2014.10.13 11:32:01.991,0.83435,0.83455,1.00,1.52
2014.10.13 11:32:03.015,0.83435,0.83455,1.00,1.52
2014.10.13 11:32:03.516,0.83435,0.83455,1.00,3.45
2014.10.13 11:32:04.107,0.83431,0.83454,1.95,1.52
2014.10.13 11:32:04.327,0.83435,0.83454,1.00,2.77
2014.10.13 11:32:04.478,0.8343,0.83451,1.17,1.20
2014.10.13 11:32:04.580,0.8343,0.8345,1.50,1.07
2014.10.13 11:32:04.788,0.83429,0.83451,1.15,2.02
2014.10.13 11:32:04.889,0.8344,0.83452,1.00,1.95
2014.10.13 11:32:04.990,0.83435,0.83455,1.00,1.52
2014.10.13 11:32:05.594,0.83436,0.83458,1.00,4.57
2014.10.13 11:32:05.695,0.83436,0.83458,1.00,4.57
2014.10.13 11:32:05.798,0.83436,0.83458,1.17,1.65
2014.10.13 11:32:07.639,0.8344,0.8346,1.00,4.20
2014.10.13 11:32:10.216,0.8344,0.8346,1.37,2.70
2014.10.13 11:32:10.908,0.83439,0.83463,2.77,1.52
2014.10.13 11:32:11.110,0.83439,0.83463,1.57,2.32
2014.10.13 11:32:11.626,0.8344,0.83463,1.00,3.07
2014.10.13 11:32:12.365,0.8344,0.83463,1.37,3.45
2014.10.13 11:32:12.658,0.8344,0.83463,1.45,1.55
2014.10.13 11:32:15.505,0.8344,0.83463,3.45,1.47
2014.10.13 11:32:16.332,0.8344,0.83463,3.45,1.47
2014.10.13 11:32:16.846,0.8344,0.83464,2.02,1.52
2014.10.13 11:32:17.149,0.8344,0.83464,2.40,1.52
2014.10.13 11:32:17.356,0.8344,0.83463,1.52,1.27
2014.10.13 11:32:18.659,0.8344,0.83463,1.52,1.27
2014.10.13 11:32:20.569,0.8344,0.83463,1.52,1.17
2014.10.13 11:32:20.720,0.8344,0.83464,4.57,1.10
2014.10.13 11:32:21.023,0.83441,0.83466,1.90,1.27
2014.10.13 11:32:21.123,0.83441,0.83468,1.52,3.07
2014.10.13 11:32:21.914,0.83441,0.83465,1.90,1.27
2014.10.13 11:32:22.137,0.83441,0.83464,1.10,2.70
2014.10.13 11:32:22.239,0.8344,0.83459,1.12,1.27
2014.10.13 11:32:22.340,0.83435,0.83459,1.10,3.07
2014.10.13 11:32:22.441,0.8343,0.83456,1.65,3.82
2014.10.13 11:32:22.743,0.8343,0.83447,1.00,1.50
2014.10.13 11:32:23.066,0.83425,0.83442,1.00,1.57
2014.10.13 11:32:23.167,0.8342,0.83442,1.15,1.50
2014.10.13 11:32:23.268,0.8342,0.8344,1.07,1.57
2014.10.13 11:32:23.318,0.8342,0.8344,1.00,1.65
2014.10.13 11:32:23.369,0.8342,0.8344,1.00,1.65
2014.10.13 11:32:23.671,0.8342,0.83438,1.00,2.40
2014.10.13 11:32:23.722,0.83415,0.83438,1.00,2.40
2014.10.13 11:32:24.076,0.83418,0.83439,1.57,3.07
2014.10.13 11:32:24.127,0.83419,0.83439,1.00,1.17
