2014.05.12 18:00:01.305,0.83131,0.83145,1.00,1.77
2014.05.12 18:00:02.451,0.83131,0.83145,1.00,1.29
2014.05.12 18:00:03.959,0.83131,0.83146,1.00,1.37
2014.05.12 18:00:05.163,0.83131,0.83145,1.00,1.29
2014.05.12 18:00:08.117,0.83131,0.83146,1.09,1.69
2014.05.12 18:00:13.633,0.83131,0.83145,1.09,1.32
2014.05.12 18:00:14.692,0.83131,0.83146,1.09,2.07
2014.05.12 18:00:16.191,0.83131,0.83145,1.18,1.32
2014.05.12 18:00:16.886,0.83131,0.83145,1.15,1.13
2014.05.12 18:00:26.380,0.83132,0.83144,1.08,1.00
2014.05.12 18:00:26.430,0.83132,0.83144,1.00,1.00
2014.05.12 18:00:27.465,0.83132,0.83145,1.00,1.32
2014.05.12 18:00:27.566,0.83126,0.83143,5.52,1.25
2014.05.12 18:00:28.000,0.83124,0.83142,3.27,1.54
2014.05.12 18:00:28.104,0.83124,0.83142,1.34,1.62
2014.05.12 18:00:28.205,0.83127,0.83141,1.00,1.38
2014.05.12 18:00:31.936,0.83127,0.83142,1.00,2.07
2014.05.12 18:00:41.278,0.83127,0.83139,1.00,1.57
2014.05.12 18:00:42.582,0.83127,0.83139,1.00,1.57
2014.05.12 18:00:44.190,0.83127,0.83139,1.00,1.57
2014.05.12 18:00:45.288,0.83127,0.8314,1.00,1.57
2014.05.12 18:00:49.502,0.83127,0.83139,1.00,1.57
2014.05.12 18:00:50.305,0.83127,0.83141,1.00,1.67
2014.05.12 18:01:02.674,0.83122,0.83138,1.84,1.30
2014.05.12 18:01:02.944,0.83122,0.83137,1.65,1.19
2014.05.12 18:01:04.013,0.83121,0.83138,1.34,1.92
2014.05.12 18:01:04.445,0.83127,0.8314,1.00,1.57
2014.05.12 18:01:04.652,0.83122,0.83139,1.40,1.92
2014.05.12 18:01:06.628,0.83122,0.83138,1.84,2.07
2014.05.12 18:01:06.880,0.8312,0.83136,1.37,1.67
2014.05.12 18:01:07.034,0.83122,0.83137,1.19,1.47
2014.05.12 18:01:08.165,0.8312,0.83137,1.37,1.47
2014.05.12 18:01:09.815,0.8312,0.83134,1.37,1.00
2014.05.12 18:01:09.865,0.83117,0.83134,3.27,1.00
2014.05.12 18:01:10.145,0.83117,0.83132,1.77,1.00
2014.05.12 18:01:10.195,0.83117,0.83132,1.25,1.10
2014.05.12 18:01:10.347,0.83117,0.83129,1.00,1.00
2014.05.12 18:01:10.397,0.83114,0.83129,1.84,1.00
2014.05.12 18:01:11.235,0.83112,0.83127,2.22,1.00
2014.05.12 18:01:16.864,0.83111,0.83125,1.72,1.00
2014.05.12 18:01:18.156,0.83111,0.83125,1.47,1.00
2014.05.12 18:01:22.795,0.83111,0.83125,1.47,1.00
2014.05.12 18:01:24.144,0.83111,0.83125,1.47,1.25
2014.05.12 18:01:25.862,0.83112,0.83124,1.10,1.00
2014.05.12 18:01:29.927,0.83112,0.83124,1.77,1.00
2014.05.12 18:01:31.125,0.83112,0.83124,1.02,1.00
2014.05.12 18:01:35.224,0.83112,0.83124,1.29,1.00
2014.05.12 18:02:10.204,0.8311,0.83125,1.72,1.00
2014.05.12 18:02:10.989,0.83114,0.83125,1.47,1.00
2014.05.12 18:02:11.637,0.83115,0.83128,2.52,2.10
2014.05.12 18:02:11.688,0.83115,0.83129,2.52,1.00
2014.05.12 18:02:11.848,0.83115,0.83131,2.52,1.25
2014.05.12 18:02:32.505,0.83117,0.83131,1.34,1.00
2014.05.12 18:02:34.604,0.83119,0.83133,1.84,1.69
2014.05.12 18:02:35.826,0.83121,0.83135,1.65,1.35
2014.05.12 18:02:36.928,0.83121,0.83135,1.84,1.54
2014.05.12 18:02:40.448,0.83122,0.83135,1.69,1.54
2014.05.12 18:02:44.058,0.83122,0.83135,1.50,1.54
2014.05.12 18:02:47.893,0.83122,0.83135,1.50,2.29
2014.05.12 18:02:48.975,0.83122,0.83135,1.50,2.29
2014.05.12 18:02:52.480,0.83122,0.83135,1.58,1.54
2014.05.12 18:02:53.175,0.83122,0.83134,1.65,1.19
2014.05.12 18:02:53.478,0.83115,0.83128,2.33,1.00
2014.05.12 18:02:53.579,0.83114,0.83128,1.65,1.00
2014.05.12 18:02:53.799,0.83114,0.8313,1.65,1.05
2014.05.12 18:02:54.315,0.83114,0.83129,1.65,1.00
2014.05.12 18:02:55.621,0.83114,0.83129,1.50,1.25
2014.05.12 18:02:56.891,0.83114,0.83129,1.50,1.19
2014.05.12 18:02:58.512,0.83114,0.83129,1.50,1.00
2014.05.12 18:03:00.520,0.83114,0.83129,1.50,1.38
2014.05.12 18:03:02.018,0.83114,0.83129,1.50,1.25
2014.05.12 18:03:09.643,0.83113,0.83129,1.84,1.25
2014.05.12 18:03:11.541,0.83113,0.83129,1.84,1.69
2014.05.12 18:03:12.044,0.83113,0.83129,1.65,1.00
2014.05.12 18:03:17.467,0.83113,0.83129,1.77,1.69
2014.05.12 18:03:22.081,0.83113,0.83129,1.77,1.69
2014.05.12 18:03:23.127,0.83113,0.83129,1.58,1.00
2014.05.12 18:03:27.706,0.83113,0.83129,1.77,1.19
2014.05.12 18:03:30.413,0.83113,0.83129,1.58,1.25
2014.05.12 18:03:31.518,0.83113,0.83129,2.52,1.69
2014.05.12 18:03:37.573,0.83113,0.83129,1.34,1.69
2014.05.12 18:03:38.537,0.83114,0.83129,1.34,1.25
2014.05.12 18:03:39.844,0.83113,0.83129,1.65,1.00
2014.05.12 18:03:45.460,0.83112,0.83129,2.59,1.19
2014.05.12 18:03:50.121,0.83114,0.83129,1.34,1.00
2014.05.12 18:03:51.376,0.83113,0.83129,1.34,1.19
2014.05.12 18:03:52.380,0.83112,0.83129,2.59,1.25
2014.05.12 18:03:57.598,0.83115,0.83129,1.39,1.00
2014.05.12 18:03:57.833,0.83115,0.83129,1.34,1.00
2014.05.12 18:04:08.342,0.83117,0.83131,1.18,1.13
2014.05.12 18:04:08.923,0.83115,0.8313,1.84,1.00
2014.05.12 18:04:18.580,0.83114,0.8313,1.34,1.00
2014.05.12 18:04:19.609,0.83115,0.8313,1.34,1.25
2014.05.12 18:04:20.714,0.83115,0.8313,1.34,1.19
2014.05.12 18:04:21.292,0.83117,0.8313,1.00,1.00
2014.05.12 18:04:21.842,0.83117,0.83131,1.00,1.13
2014.05.12 18:04:25.086,0.83117,0.8313,1.00,1.00
2014.05.12 18:04:26.338,0.83112,0.8313,2.97,1.00
2014.05.12 18:04:33.415,0.83112,0.83131,3.72,1.13
2014.05.12 18:04:39.434,0.83115,0.83131,1.84,1.13
2014.05.12 18:04:39.484,0.83115,0.83131,1.84,1.13
2014.05.12 18:04:54.584,0.83119,0.83135,1.58,1.77
2014.05.12 18:04:54.634,0.83123,0.83135,1.50,1.77
2014.05.12 18:04:54.937,0.83125,0.83136,1.65,1.00
2014.05.12 18:04:54.987,0.83125,0.83138,1.65,1.25
2014.05.12 18:04:55.200,0.83125,0.83141,1.65,1.57
2014.05.12 18:04:55.851,0.83124,0.83139,1.65,1.00
2014.05.12 18:05:03.784,0.83124,0.83139,1.34,1.54
2014.05.12 18:05:04.637,0.83123,0.83139,3.83,1.54
2014.05.12 18:05:05.888,0.83123,0.83139,4.02,1.54
2014.05.12 18:05:06.995,0.83123,0.83139,4.02,1.35
2014.05.12 18:05:28.667,0.83123,0.83139,4.77,1.19
2014.05.12 18:05:28.852,0.83132,0.8314,1.10,1.19
2014.05.12 18:05:28.903,0.83132,0.83148,1.20,1.57
2014.05.12 18:05:29.104,0.83134,0.83149,1.00,1.47
2014.05.12 18:05:29.558,0.83136,0.83152,2.40,1.67
2014.05.12 18:05:35.339,0.83135,0.8315,1.84,1.57
2014.05.12 18:05:38.096,0.83135,0.8315,1.84,1.57
2014.05.12 18:05:41.706,0.83135,0.83149,1.65,1.32
2014.05.12 18:05:42.761,0.83135,0.8315,1.65,1.57
2014.05.12 18:05:44.516,0.83135,0.8315,1.65,1.57
2014.05.12 18:05:44.633,0.83135,0.83152,1.84,2.14
2014.05.12 18:05:44.683,0.83137,0.83152,1.15,2.07
2014.05.12 18:05:45.579,0.83135,0.83151,2.52,1.17
2014.05.12 18:05:45.890,0.83135,0.83149,2.52,1.19
2014.05.12 18:05:47.141,0.83134,0.83149,1.84,1.19
2014.05.12 18:05:47.631,0.83137,0.83149,1.00,1.19
2014.05.12 18:05:47.732,0.83137,0.8315,1.00,1.05
2014.05.12 18:05:50.541,0.83134,0.8315,1.84,1.05
2014.05.12 18:05:53.957,0.83134,0.83152,2.59,3.19
2014.05.12 18:05:56.674,0.83134,0.83151,2.59,1.05
2014.05.12 18:05:57.373,0.83135,0.8315,1.84,1.19
2014.05.12 18:06:01.695,0.83135,0.83152,1.84,3.94
2014.05.12 18:06:02.696,0.83135,0.83152,1.84,4.32
2014.05.12 18:06:07.522,0.83135,0.83152,1.84,4.24
2014.05.12 18:06:08.612,0.83135,0.83152,1.84,4.17
2014.05.12 18:06:10.521,0.83135,0.83151,2.59,1.05
2014.05.12 18:06:17.644,0.83136,0.83151,1.65,1.54
2014.05.12 18:06:23.769,0.83135,0.83151,1.84,1.05
2014.05.12 18:06:28.538,0.83135,0.83152,1.77,2.74
2014.05.12 18:06:30.419,0.83135,0.83151,1.77,1.29
2014.05.12 18:06:32.100,0.83135,0.83152,1.77,2.74
2014.05.12 18:06:41.724,0.83136,0.83152,1.77,2.67
2014.05.12 18:06:45.842,0.83137,0.83152,1.40,1.17
2014.05.12 18:06:47.546,0.83137,0.83152,1.40,1.92
2014.05.12 18:06:56.082,0.83137,0.83153,1.40,1.92
2014.05.12 18:06:57.586,0.83137,0.83151,1.40,1.32
2014.05.12 18:07:00.820,0.83135,0.8315,1.84,1.19
2014.05.12 18:07:01.902,0.83135,0.83151,1.84,1.92
2014.05.12 18:07:02.469,0.83135,0.83151,1.84,1.92
2014.05.12 18:07:02.519,0.83135,0.83151,1.84,1.92
2014.05.12 18:07:09.819,0.83135,0.83151,1.84,1.17
2014.05.12 18:07:15.636,0.83135,0.83151,2.59,1.92
2014.05.12 18:07:17.141,0.83135,0.83151,1.84,1.17
2014.05.12 18:07:18.346,0.83136,0.83151,1.39,1.49
2014.05.12 18:07:19.751,0.83135,0.83151,2.59,1.17
2014.05.12 18:07:21.157,0.83135,0.83151,2.59,1.92
2014.05.12 18:07:23.764,0.83135,0.83151,2.59,1.92
2014.05.12 18:07:25.065,0.83135,0.83151,2.59,1.17
2014.05.12 18:07:26.873,0.83136,0.83151,1.39,1.49
2014.05.12 18:07:29.181,0.83137,0.83151,1.00,1.17
2014.05.12 18:07:30.068,0.83135,0.83151,1.84,1.17
2014.05.12 18:07:32.393,0.83136,0.83151,1.84,1.49
2014.05.12 18:07:33.396,0.83136,0.83151,1.09,1.92
2014.05.12 18:07:35.402,0.83136,0.83151,1.09,1.17
2014.05.12 18:07:37.518,0.83137,0.83151,1.69,1.30
2014.05.12 18:07:38.064,0.83137,0.83152,1.69,1.05
2014.05.12 18:07:38.614,0.83137,0.83152,1.69,1.54
2014.05.12 18:07:40.324,0.83137,0.83152,1.69,1.05
2014.05.12 18:07:40.595,0.83137,0.83152,1.77,1.05
2014.05.12 18:07:44.373,0.83136,0.83152,2.59,1.54
2014.05.12 18:07:47.880,0.83136,0.83152,2.59,1.54
2014.05.12 18:07:48.083,0.83137,0.83152,1.34,1.05
2014.05.12 18:07:48.234,0.83142,0.83153,1.00,1.19
2014.05.12 18:07:48.668,0.83138,0.83153,1.84,1.69
2014.05.12 18:07:49.210,0.83138,0.83154,2.59,1.54
2014.05.12 18:07:51.869,0.83138,0.83154,1.34,3.04
2014.05.12 18:07:53.028,0.83136,0.83153,2.59,1.92
2014.05.12 18:07:53.129,0.83136,0.83152,2.59,1.62
2014.05.12 18:07:56.114,0.83135,0.83151,1.34,1.19
2014.05.12 18:07:57.310,0.83136,0.83152,2.59,2.37
2014.05.12 18:08:00.520,0.83136,0.83152,1.84,1.62
2014.05.12 18:08:02.727,0.83137,0.83151,1.02,1.19
2014.05.12 18:08:06.737,0.83137,0.83152,1.29,2.37
2014.05.12 18:08:08.168,0.83137,0.83151,1.02,1.19
2014.05.12 18:08:13.806,0.83137,0.83152,1.10,1.62
2014.05.12 18:08:15.510,0.83137,0.83152,1.29,2.37
2014.05.12 18:08:16.515,0.83137,0.83152,1.77,1.62
2014.05.12 18:08:17.968,0.83136,0.83152,1.84,2.37
2014.05.12 18:08:19.134,0.83136,0.83152,1.84,1.62
2014.05.12 18:08:23.138,0.83136,0.83152,3.34,2.37
2014.05.12 18:08:24.539,0.83136,0.83152,2.59,1.62
2014.05.12 18:08:28.351,0.83136,0.83152,3.34,2.37
2014.05.12 18:08:30.056,0.83136,0.83152,1.84,1.62
2014.05.12 18:08:35.061,0.83136,0.83152,1.84,3.04
2014.05.12 18:08:52.021,0.83135,0.8315,2.22,1.54
2014.05.12 18:08:54.131,0.83135,0.8315,2.22,1.05
2014.05.12 18:08:57.152,0.83135,0.83149,2.22,1.19
2014.05.12 18:08:59.226,0.83135,0.83151,2.22,1.54
2014.05.12 18:09:00.530,0.83135,0.83151,2.22,2.29
2014.05.12 18:09:01.935,0.83135,0.83151,2.22,2.29
2014.05.12 18:09:07.149,0.83135,0.83151,1.84,2.29
2014.05.12 18:09:09.154,0.83135,0.83151,1.84,2.29
2014.05.12 18:09:13.678,0.83135,0.83151,1.65,2.29
2014.05.12 18:09:14.776,0.83135,0.83151,1.84,1.54
2014.05.12 18:09:16.991,0.83135,0.83151,1.65,2.29
2014.05.12 18:09:24.318,0.83137,0.8315,1.10,1.19
2014.05.12 18:09:30.356,0.83137,0.83152,1.10,2.37
2014.05.12 18:09:31.537,0.83137,0.83149,1.10,1.19
2014.05.12 18:09:40.162,0.83137,0.83151,1.10,1.19
2014.05.12 18:09:44.474,0.83137,0.8315,1.10,1.19
2014.05.12 18:09:49.185,0.83137,0.83152,1.10,2.74
2014.05.12 18:09:51.898,0.83137,0.8315,1.10,1.19
2014.05.12 18:09:57.010,0.83137,0.83149,1.10,1.19
2014.05.12 18:10:05.043,0.83137,0.8315,1.10,1.19
2014.05.12 18:10:07.655,0.83135,0.83149,1.84,1.19
2014.05.12 18:10:08.861,0.83135,0.8315,1.65,1.19
2014.05.12 18:10:11.527,0.83137,0.8315,1.08,1.19
2014.05.12 18:10:34.240,0.83135,0.8315,1.84,1.19
2014.05.12 18:10:35.949,0.83135,0.8315,1.84,1.19
2014.05.12 18:10:42.367,0.83135,0.83151,1.84,1.19
2014.05.12 18:10:49.792,0.83135,0.8315,1.84,1.19
2014.05.12 18:10:55.708,0.83135,0.8315,1.65,1.19
2014.05.12 18:10:56.957,0.83135,0.8315,1.84,1.19
2014.05.12 18:10:58.218,0.83135,0.83152,1.84,1.54
2014.05.12 18:11:00.524,0.83135,0.83151,2.59,1.19
2014.05.12 18:11:05.110,0.83135,0.83152,1.84,1.54
2014.05.12 18:11:06.213,0.83135,0.83152,1.84,1.54
2014.05.12 18:11:10.127,0.83135,0.83151,2.59,1.19
2014.05.12 18:11:11.880,0.83135,0.83151,2.44,1.19
2014.05.12 18:11:12.831,0.83135,0.83152,1.69,1.54
2014.05.12 18:11:17.144,0.83135,0.8315,1.69,1.19
2014.05.12 18:11:19.151,0.83135,0.83152,1.69,1.54
2014.05.12 18:11:28.685,0.83135,0.8315,1.69,1.19
2014.05.12 18:11:34.338,0.83135,0.83152,1.69,1.54
2014.05.12 18:11:35.297,0.83135,0.83151,2.44,1.19
2014.05.12 18:11:36.303,0.83135,0.83152,1.69,1.92
2014.05.12 18:11:37.302,0.83137,0.83152,1.00,1.92
2014.05.12 18:11:37.407,0.83137,0.8315,1.00,1.19
2014.05.12 18:11:38.808,0.83137,0.83152,1.00,1.92
2014.05.12 18:11:41.706,0.83135,0.83152,1.69,1.32
2014.05.12 18:11:44.129,0.83135,0.8315,1.69,1.19
2014.05.12 18:11:54.157,0.83135,0.83151,1.69,1.19
2014.05.12 18:11:57.964,0.83135,0.83153,1.69,2.67
2014.05.12 18:12:02.928,0.83135,0.83151,1.50,1.19
2014.05.12 18:12:04.487,0.83135,0.83151,1.69,1.19
2014.05.12 18:12:10.504,0.83135,0.83151,2.44,1.19
2014.05.12 18:12:16.624,0.83135,0.83151,1.50,1.19
2014.05.12 18:12:17.625,0.83135,0.8315,1.69,1.19
2014.05.12 18:12:18.927,0.83135,0.8315,1.69,1.19
2014.05.12 18:12:19.932,0.83135,0.83151,1.69,1.19
2014.05.12 18:12:21.337,0.83135,0.8315,1.69,1.19
2014.05.12 18:12:38.181,0.83135,0.83151,1.69,1.19
2014.05.12 18:12:44.404,0.83135,0.8315,1.69,1.19
2014.05.12 18:12:52.523,0.83135,0.83151,1.69,1.19
2014.05.12 18:12:53.526,0.83135,0.83151,2.44,1.19
2014.05.12 18:13:02.195,0.83135,0.83152,1.69,1.92
2014.05.12 18:13:06.366,0.83136,0.83151,1.25,1.19
2014.05.12 18:13:09.377,0.83135,0.83151,2.44,1.19
2014.05.12 18:13:12.784,0.83136,0.83152,1.00,1.54
2014.05.12 18:13:17.416,0.83136,0.83151,1.19,1.54
2014.05.12 18:13:18.702,0.83136,0.83151,1.25,1.54
2014.05.12 18:13:24.319,0.83136,0.83151,1.00,1.54
2014.05.12 18:13:30.938,0.83136,0.8315,1.00,1.19
2014.05.12 18:13:32.227,0.83136,0.83151,1.25,1.54
2014.05.12 18:13:33.427,0.83136,0.83152,1.00,1.79
2014.05.12 18:13:37.040,0.83136,0.8315,1.00,1.19
2014.05.12 18:13:38.698,0.83136,0.83151,1.10,1.54
2014.05.12 18:13:41.254,0.83136,0.83151,1.10,1.54
2014.05.12 18:13:42.256,0.83136,0.8315,1.02,1.19
2014.05.12 18:13:44.163,0.83136,0.8315,1.10,1.19
2014.05.12 18:13:46.170,0.83136,0.8315,1.02,1.19
2014.05.12 18:13:48.479,0.83136,0.83151,1.10,1.54
2014.05.12 18:13:52.899,0.83136,0.8315,1.02,1.19
2014.05.12 18:13:58.117,0.83136,0.83151,1.10,1.54
2014.05.12 18:13:58.650,0.83136,0.83151,1.18,1.54
2014.05.12 18:13:59.724,0.83136,0.8315,1.09,1.19
2014.05.12 18:14:02.631,0.83136,0.83151,1.18,2.29
2014.05.12 18:14:03.635,0.83136,0.83151,1.09,2.29
2014.05.12 18:14:08.151,0.83136,0.83151,1.09,1.54
2014.05.12 18:14:10.660,0.83136,0.83151,1.09,2.29
2014.05.12 18:14:17.482,0.83133,0.83151,1.72,2.29
2014.05.12 18:14:39.043,0.83137,0.8315,1.10,1.19
2014.05.12 18:14:43.751,0.83137,0.83151,1.00,1.54
2014.05.12 18:14:50.171,0.83137,0.83151,1.00,1.69
2014.05.12 18:14:51.572,0.83137,0.83151,1.00,1.19
2014.05.12 18:14:53.881,0.83137,0.83151,1.25,1.25
2014.05.12 18:14:56.591,0.83137,0.83151,1.19,1.25
2014.05.12 18:14:58.399,0.83137,0.83151,1.25,1.69
2014.05.12 18:15:03.855,0.83137,0.83151,1.00,1.25
2014.05.12 18:15:09.172,0.83137,0.83151,1.00,1.19
2014.05.12 18:15:10.274,0.83137,0.8315,1.00,1.19
2014.05.12 18:15:12.887,0.83137,0.83151,1.25,1.69
2014.05.12 18:15:19.539,0.83137,0.83151,1.33,1.19
2014.05.12 18:15:21.112,0.83137,0.83151,1.08,1.00
2014.05.12 18:15:25.223,0.83137,0.83151,1.33,1.19
2014.05.12 18:15:26.728,0.83135,0.83151,1.47,1.25
2014.05.12 18:15:31.441,0.83136,0.83151,1.37,1.19
2014.05.12 18:15:33.652,0.83136,0.83152,1.37,1.54
2014.05.12 18:15:37.864,0.83135,0.83152,1.47,1.05
2014.05.12 18:15:39.468,0.83136,0.83152,1.37,1.54
2014.05.12 18:15:43.277,0.83136,0.83152,1.37,1.54
2014.05.12 18:15:45.988,0.83136,0.83152,1.37,1.54
2014.05.12 18:15:47.094,0.83136,0.83152,1.37,1.54
2014.05.12 18:15:57.723,0.83135,0.83153,1.47,1.99
2014.05.12 18:16:01.476,0.83135,0.83153,1.47,1.99
2014.05.12 18:16:02.138,0.83135,0.83151,1.47,1.19
2014.05.12 18:16:03.343,0.83134,0.83152,1.72,1.54
2014.05.12 18:16:04.646,0.83135,0.83153,1.74,1.89
2014.05.12 18:16:05.649,0.83135,0.83151,1.74,1.19
2014.05.12 18:16:11.326,0.83134,0.83152,1.72,1.54
2014.05.12 18:16:14.438,0.83135,0.83151,1.74,1.19
2014.05.12 18:16:16.245,0.83136,0.83152,1.39,1.05
2014.05.12 18:16:16.396,0.83136,0.83152,1.47,1.05
2014.05.12 18:16:16.848,0.83135,0.83151,2.97,1.19
2014.05.12 18:16:23.366,0.83135,0.83152,2.97,1.54
2014.05.12 18:16:25.575,0.83135,0.83151,2.97,1.19
2014.05.12 18:16:36.204,0.83135,0.83152,2.97,1.54
2014.05.12 18:16:38.714,0.83136,0.83152,1.47,2.29
2014.05.12 18:16:44.690,0.83135,0.83152,2.97,1.54
2014.05.12 18:16:49.151,0.83135,0.83152,2.97,1.54
2014.05.12 18:16:50.953,0.83135,0.83151,2.97,1.19
2014.05.12 18:16:56.513,0.83136,0.83152,1.47,2.29
2014.05.12 18:17:02.333,0.83135,0.83152,2.97,1.19
2014.05.12 18:17:04.742,0.83135,0.83151,2.59,1.19
2014.05.12 18:17:09.159,0.83136,0.83152,1.37,1.69
2014.05.12 18:17:19.229,0.83135,0.83153,2.59,2.44
2014.05.12 18:17:24.114,0.83136,0.83152,1.19,1.39
2014.05.12 18:17:25.617,0.83135,0.83153,2.59,2.44
2014.05.12 18:17:32.736,0.83136,0.83152,1.19,1.39
2014.05.12 18:17:36.045,0.83135,0.83153,2.97,2.44
2014.05.12 18:17:37.533,0.83135,0.83153,2.97,2.37
2014.05.12 18:17:38.268,0.83136,0.83152,1.37,1.19
2014.05.12 18:17:39.171,0.83135,0.83153,2.97,2.29
2014.05.12 18:17:52.516,0.83134,0.83152,2.97,1.54
2014.05.12 18:17:55.717,0.83134,0.83152,2.97,1.54
2014.05.12 18:17:57.759,0.83134,0.8315,2.59,1.19
2014.05.12 18:17:58.572,0.83134,0.8315,2.59,1.19
2014.05.12 18:18:01.380,0.83134,0.8315,2.59,1.19
2014.05.12 18:18:04.071,0.83134,0.8315,2.59,1.19
2014.05.12 18:18:06.643,0.83137,0.83149,1.00,1.19
2014.05.12 18:18:07.487,0.83137,0.83151,1.00,1.19
2014.05.12 18:18:09.195,0.83137,0.83151,1.00,1.19
2014.05.12 18:18:12.660,0.83135,0.83151,1.37,1.19
2014.05.12 18:18:13.383,0.83134,0.83152,2.59,1.92
2014.05.12 18:18:13.966,0.83137,0.83152,1.00,1.92
2014.05.12 18:18:15.079,0.83134,0.83151,1.84,1.19
2014.05.12 18:18:19.533,0.83134,0.83151,1.77,1.29
2014.05.12 18:18:22.228,0.83137,0.83151,1.00,1.29
2014.05.12 18:18:23.524,0.83137,0.83151,1.25,1.29
2014.05.12 18:18:25.025,0.83134,0.83152,2.52,2.07
2014.05.12 18:18:27.290,0.83137,0.83152,1.00,2.07
2014.05.12 18:18:29.441,0.83137,0.8315,1.00,1.19
2014.05.12 18:18:34.202,0.83137,0.83152,1.00,1.69
2014.05.12 18:18:35.668,0.83137,0.83152,1.00,1.69
2014.05.12 18:18:36.298,0.83134,0.83152,2.52,1.69
2014.05.12 18:18:39.479,0.83136,0.83152,1.19,1.69
2014.05.12 18:18:41.086,0.83137,0.83152,1.00,1.54
2014.05.12 18:18:46.001,0.83137,0.83151,1.25,1.54
2014.05.12 18:18:47.103,0.83137,0.83151,1.00,1.05
2014.05.12 18:18:48.106,0.83137,0.83151,1.25,1.54
2014.05.12 18:18:56.311,0.83137,0.83151,1.00,1.05
2014.05.12 18:18:58.617,0.83137,0.83151,1.25,1.54
2014.05.12 18:19:01.025,0.83137,0.83151,1.00,1.05
2014.05.12 18:19:02.478,0.83135,0.83151,1.29,1.05
2014.05.12 18:19:03.534,0.83135,0.83151,1.29,1.54
2014.05.12 18:19:04.128,0.83137,0.83151,1.00,1.54
2014.05.12 18:19:16.488,0.83137,0.83152,1.00,1.92
2014.05.12 18:19:19.099,0.83137,0.83152,1.00,1.92
2014.05.12 18:19:23.308,0.83134,0.83151,2.22,1.19
2014.05.12 18:19:25.113,0.83134,0.8315,2.97,1.19
2014.05.12 18:19:26.118,0.83134,0.83151,2.22,1.19
2014.05.12 18:19:28.422,0.83134,0.8315,2.97,1.19
2014.05.12 18:19:29.863,0.83134,0.83151,2.22,1.19
2014.05.12 18:19:40.448,0.83134,0.83151,2.07,1.19
2014.05.12 18:19:44.079,0.83134,0.83149,2.07,1.19
2014.05.12 18:19:45.184,0.83134,0.83149,2.07,1.19
2014.05.12 18:19:46.590,0.83134,0.8315,1.88,1.19
2014.05.12 18:19:57.525,0.83134,0.83149,2.07,1.19
2014.05.12 18:19:58.628,0.83134,0.8315,2.07,1.19
2014.05.12 18:19:59.730,0.83134,0.83149,2.07,1.19
2014.05.12 18:20:02.141,0.83132,0.83148,2.07,1.19
2014.05.12 18:20:14.383,0.83132,0.83148,2.22,1.19
2014.05.12 18:20:17.090,0.83132,0.83149,1.72,1.19
2014.05.12 18:20:25.522,0.83132,0.83148,1.72,1.19
2014.05.12 18:20:27.128,0.83132,0.83148,1.72,1.19
2014.05.12 18:20:28.532,0.83131,0.83149,1.72,1.19
2014.05.12 18:20:37.866,0.83131,0.83149,1.72,1.19
2014.05.12 18:20:46.108,0.83131,0.83149,1.72,1.19
2014.05.12 18:20:59.427,0.83132,0.8315,1.72,3.04
2014.05.12 18:21:02.135,0.83131,0.83147,1.72,1.19
2014.05.12 18:21:02.387,0.83132,0.83148,2.22,1.25
2014.05.12 18:21:22.527,0.83132,0.8315,1.34,1.54
2014.05.12 18:21:33.238,0.83134,0.8315,1.29,1.54
2014.05.12 18:21:37.044,0.83133,0.83151,1.47,3.12
2014.05.12 18:21:39.233,0.83133,0.8315,1.47,1.05
2014.05.12 18:21:42.559,0.83134,0.8315,1.29,1.19
2014.05.12 18:21:44.767,0.83133,0.83151,1.47,1.62
2014.05.12 18:21:45.995,0.83134,0.8315,1.29,1.19
2014.05.12 18:21:49.079,0.83134,0.8315,1.29,1.19
2014.05.12 18:21:50.784,0.83134,0.8315,1.29,1.19
2014.05.12 18:21:53.294,0.83133,0.83151,1.47,1.62
2014.05.12 18:21:57.104,0.83134,0.8315,1.29,1.19
2014.05.12 18:21:58.109,0.83135,0.83151,1.19,1.62
2014.05.12 18:22:01.717,0.83133,0.83151,1.47,1.62
2014.05.12 18:22:02.921,0.83133,0.83151,1.47,1.62
2014.05.12 18:22:05.129,0.83134,0.8315,1.34,1.19
2014.05.12 18:22:06.130,0.83133,0.83151,1.34,1.54
2014.05.12 18:22:07.734,0.83134,0.8315,1.34,1.19
2014.05.12 18:22:09.036,0.83133,0.83151,1.34,1.54
2014.05.12 18:22:11.149,0.83133,0.83151,1.34,1.54
2014.05.12 18:22:14.267,0.83134,0.8315,1.34,1.19
2014.05.12 18:22:15.661,0.83134,0.8315,1.34,1.19
2014.05.12 18:22:17.169,0.83134,0.83152,1.34,2.07
2014.05.12 18:22:18.577,0.83134,0.8315,1.34,1.19
2014.05.12 18:22:20.076,0.83134,0.83152,1.34,2.07
2014.05.12 18:22:24.091,0.83133,0.83151,1.34,1.19
2014.05.12 18:22:25.442,0.83133,0.83151,3.27,1.19
2014.05.12 18:22:30.008,0.83134,0.8315,1.34,1.19
2014.05.12 18:22:31.012,0.83133,0.83151,3.27,1.19
2014.05.12 18:22:33.323,0.83133,0.83151,3.27,1.19
2014.05.12 18:22:40.556,0.83134,0.8315,1.34,1.19
2014.05.12 18:22:41.862,0.83133,0.8315,2.52,1.19
2014.05.12 18:22:42.967,0.83134,0.8315,1.34,1.19
2014.05.12 18:22:45.577,0.83133,0.83151,3.64,1.54
2014.05.12 18:22:50.197,0.83136,0.83151,1.18,1.19
2014.05.12 18:22:54.728,0.83136,0.8315,1.09,1.19
2014.05.12 18:22:55.821,0.83136,0.83152,1.18,1.54
2014.05.12 18:22:56.825,0.83136,0.83152,1.09,1.54
2014.05.12 18:22:59.211,0.83136,0.83152,1.18,1.54
2014.05.12 18:23:06.841,0.83133,0.83151,3.64,1.19
2014.05.12 18:23:09.652,0.83133,0.83151,3.64,1.19
2014.05.12 18:23:10.858,0.83133,0.83151,3.64,1.19
2014.05.12 18:23:13.368,0.83134,0.8315,1.72,1.19
2014.05.12 18:23:15.176,0.83134,0.8315,1.72,1.19
2014.05.12 18:23:18.688,0.83134,0.8315,1.72,1.19
2014.05.12 18:23:25.416,0.83133,0.83151,3.27,1.54
2014.05.12 18:23:25.702,0.83133,0.83151,1.19,1.54
2014.05.12 18:23:27.517,0.83132,0.8315,2.22,1.19
2014.05.12 18:23:28.698,0.83134,0.8315,1.37,1.19
2014.05.12 18:23:28.758,0.83133,0.83151,1.34,1.62
2014.05.12 18:23:35.086,0.83135,0.83151,1.27,1.99
2014.05.12 18:23:37.206,0.83137,0.83151,1.00,1.99
2014.05.12 18:23:38.173,0.83135,0.83151,1.27,1.99
2014.05.12 18:23:41.810,0.83135,0.83151,1.27,1.62
2014.05.12 18:23:56.160,0.83134,0.83151,1.37,1.62
2014.05.12 18:23:59.069,0.83134,0.83151,1.37,1.15
2014.05.12 18:24:01.513,0.83137,0.83151,1.00,1.15
2014.05.12 18:24:02.378,0.83137,0.83151,1.00,1.62
2014.05.12 18:24:12.108,0.83137,0.83151,1.10,1.54
2014.05.12 18:24:13.514,0.83137,0.8315,1.10,1.19
2014.05.12 18:24:16.526,0.83134,0.83152,1.34,1.89
2014.05.12 18:24:17.876,0.83134,0.83153,1.34,1.39
2014.05.12 18:24:24.248,0.83136,0.83152,1.27,1.29
2014.05.12 18:24:26.959,0.83136,0.83153,1.27,1.39
2014.05.12 18:24:27.962,0.83136,0.83152,1.27,1.29
2014.05.12 18:24:28.522,0.83136,0.83152,1.27,1.19
2014.05.12 18:24:34.081,0.83136,0.83153,1.09,1.39
2014.05.12 18:24:39.694,0.83136,0.83153,1.37,1.39
2014.05.12 18:24:40.699,0.83136,0.83153,1.09,1.39
2014.05.12 18:24:42.625,0.83136,0.83152,1.84,1.19
2014.05.12 18:24:45.521,0.83136,0.83152,1.84,1.19
2014.05.12 18:24:46.628,0.83136,0.83153,1.37,1.39
2014.05.12 18:24:48.335,0.83136,0.83152,1.84,1.19
2014.05.12 18:24:58.756,0.83136,0.83155,4.02,1.69
2014.05.12 18:24:59.802,0.83142,0.83156,1.00,1.29
2014.05.12 18:25:00.584,0.83142,0.83156,1.08,1.19
2014.05.12 18:25:02.892,0.83142,0.83157,1.08,1.32
2014.05.12 18:25:02.942,0.83145,0.8316,1.19,1.62
2014.05.12 18:25:03.464,0.83142,0.8316,5.82,1.54
2014.05.12 18:25:03.515,0.83142,0.8316,1.78,1.62
2014.05.12 18:25:05.233,0.83141,0.83159,1.72,1.69
2014.05.12 18:25:12.738,0.83142,0.83158,1.72,1.19
2014.05.12 18:25:17.355,0.8314,0.83158,3.64,1.19
2014.05.12 18:25:20.663,0.83142,0.83158,1.72,1.19
2014.05.12 18:25:23.529,0.83142,0.83158,1.72,1.19
2014.05.12 18:25:24.380,0.83141,0.83159,2.22,1.19
2014.05.12 18:25:26.085,0.83143,0.83159,1.47,1.19
2014.05.12 18:25:27.390,0.83142,0.8316,1.72,1.62
2014.05.12 18:25:32.104,0.83143,0.83159,1.47,1.19
2014.05.12 18:25:34.642,0.8314,0.83159,1.72,1.50
2014.05.12 18:25:34.693,0.8314,0.83159,1.77,1.65
2014.05.12 18:25:35.034,0.83139,0.83157,1.72,2.10
2014.05.12 18:25:35.379,0.83137,0.83149,1.47,1.00
2014.05.12 18:25:35.662,0.83137,0.83153,2.22,1.00
2014.05.12 18:25:36.175,0.83136,0.83152,1.72,1.54
2014.05.12 18:25:36.921,0.83136,0.83152,1.72,1.54
2014.05.12 18:25:39.630,0.83136,0.83152,1.72,1.35
2014.05.12 18:25:41.334,0.83138,0.83152,1.27,1.54
2014.05.12 18:25:46.342,0.83138,0.83153,1.27,1.35
2014.05.12 18:25:46.393,0.83139,0.83153,1.29,1.35
2014.05.12 18:25:46.494,0.83133,0.83151,2.97,1.19
2014.05.12 18:25:46.696,0.83133,0.83148,1.95,1.00
2014.05.12 18:25:46.847,0.83131,0.83148,1.74,1.10
2014.05.12 18:25:47.369,0.83131,0.83148,1.72,1.00
2014.05.12 18:25:55.706,0.83133,0.83148,1.37,1.19
2014.05.12 18:25:57.814,0.83134,0.83149,1.29,1.19
2014.05.12 18:26:01.254,0.83132,0.83149,1.72,1.25
2014.05.12 18:26:02.533,0.83134,0.83149,1.29,1.19
2014.05.12 18:26:04.036,0.83132,0.83148,1.34,1.25
2014.05.12 18:26:05.542,0.83132,0.83148,1.34,1.19
2014.05.12 18:26:06.548,0.83133,0.83148,1.37,1.25
2014.05.12 18:26:07.417,0.83129,0.83148,5.07,1.00
2014.05.12 18:26:07.956,0.8313,0.83148,2.89,1.00
2014.05.12 18:26:20.092,0.83134,0.83148,1.37,1.00
2014.05.12 18:26:22.501,0.83134,0.83148,1.37,1.25
2014.05.12 18:26:40.351,0.83132,0.83147,1.34,1.00
2014.05.12 18:26:40.452,0.8313,0.83147,1.34,1.69
2014.05.12 18:26:41.165,0.83128,0.83144,3.64,1.25
2014.05.12 18:26:45.221,0.83128,0.83144,3.64,1.19
2014.05.12 18:26:45.752,0.83129,0.83145,1.34,1.25
2014.05.12 18:27:00.454,0.83129,0.83145,3.27,1.00
2014.05.12 18:27:03.001,0.83129,0.83146,3.27,1.32
2014.05.12 18:27:08.415,0.8313,0.83146,1.34,1.19
2014.05.12 18:27:09.515,0.83129,0.83146,3.64,1.25
2014.05.12 18:27:12.128,0.8313,0.83146,1.34,1.19
2014.05.12 18:27:20.271,0.83129,0.83143,3.64,1.00
2014.05.12 18:27:20.485,0.83129,0.83143,1.39,1.00
2014.05.12 18:27:21.040,0.83129,0.83145,1.39,1.13
2014.05.12 18:27:21.151,0.83129,0.83145,3.27,1.13
2014.05.12 18:27:27.009,0.83127,0.83145,1.72,1.00
2014.05.12 18:27:27.521,0.83127,0.83146,1.72,1.00
2014.05.12 18:27:27.958,0.83129,0.83146,2.89,1.00
2014.05.12 18:27:28.563,0.83129,0.83147,4.88,1.13
2014.05.12 18:27:47.841,0.83132,0.83147,1.34,1.32
2014.05.12 18:27:48.603,0.83132,0.83147,1.37,1.32
2014.05.12 18:27:49.160,0.83131,0.83147,1.34,1.32
2014.05.12 18:28:01.882,0.83133,0.83147,1.29,1.25
2014.05.12 18:28:05.392,0.83132,0.83147,1.47,1.00
2014.05.12 18:28:05.911,0.8313,0.83146,1.34,1.19
2014.05.12 18:28:10.410,0.8313,0.83146,1.34,1.25
2014.05.12 18:28:21.550,0.83132,0.83146,1.37,1.00
2014.05.12 18:28:23.054,0.83132,0.83146,1.37,1.00
2014.05.12 18:28:26.267,0.83133,0.83146,1.29,1.00
2014.05.12 18:28:30.452,0.83132,0.83146,1.37,1.00
2014.05.12 18:28:40.829,0.83131,0.83148,2.22,1.00
2014.05.12 18:28:40.930,0.83132,0.83152,1.34,1.84
2014.05.12 18:28:41.081,0.83135,0.83152,1.34,1.25
2014.05.12 18:28:41.389,0.83134,0.83148,1.34,1.00
2014.05.12 18:28:41.772,0.8313,0.83148,3.64,1.50
2014.05.12 18:28:51.852,0.83132,0.83153,1.47,2.22
2014.05.12 18:28:54.175,0.83131,0.83151,1.72,1.37
2014.05.12 18:28:55.938,0.83131,0.8315,2.22,1.29
2014.05.12 18:28:57.243,0.83131,0.83151,2.22,1.37
2014.05.12 18:29:02.265,0.83133,0.8315,1.34,1.67
2014.05.12 18:29:03.868,0.83131,0.83149,1.34,1.39
2014.05.12 18:29:04.020,0.83131,0.83149,1.19,1.47
2014.05.12 18:29:05.016,0.8313,0.83147,1.69,1.34
2014.05.12 18:29:12.903,0.83129,0.83148,1.84,1.34
2014.05.12 18:29:15.513,0.83131,0.83148,1.19,1.34
2014.05.12 18:29:17.121,0.83131,0.83147,1.19,1.34
2014.05.12 18:29:19.127,0.8313,0.83148,1.19,1.34
2014.05.12 18:29:20.128,0.83131,0.83147,1.19,1.34
2014.05.12 18:29:21.735,0.83131,0.83147,1.19,1.34
2014.05.12 18:29:22.851,0.83129,0.83147,1.39,1.84
2014.05.12 18:29:24.044,0.8313,0.83146,1.19,1.39
2014.05.12 18:29:25.149,0.83128,0.83147,1.34,1.84
2014.05.12 18:29:26.353,0.83129,0.83145,1.39,1.19
2014.05.12 18:29:31.206,0.83129,0.83147,1.39,1.84
2014.05.12 18:29:32.376,0.83129,0.83147,1.39,1.84
2014.05.12 18:29:33.881,0.8313,0.83146,1.19,1.39
2014.05.12 18:29:35.185,0.83128,0.83147,1.34,2.22
2014.05.12 18:29:36.591,0.8313,0.83147,1.19,2.22
2014.05.12 18:29:39.402,0.83129,0.83147,1.39,2.22
2014.05.12 18:29:41.813,0.8313,0.83147,1.19,2.22
2014.05.12 18:29:46.124,0.83129,0.83146,1.39,1.39
2014.05.12 18:29:54.795,0.83129,0.83146,1.29,1.37
2014.05.12 18:29:56.281,0.83131,0.83147,1.19,5.07
2014.05.12 18:29:56.442,0.83131,0.83148,1.19,1.72
2014.05.12 18:29:57.765,0.83132,0.83149,1.19,1.72
2014.05.12 18:29:58.792,0.83131,0.8315,1.19,1.72
2014.05.12 18:30:01.277,0.83132,0.83151,1.19,4.39
2014.05.12 18:30:03.185,0.83133,0.83149,1.19,1.72
2014.05.12 18:30:04.391,0.83132,0.83148,1.19,1.47
2014.05.12 18:30:07.103,0.83131,0.8315,1.19,1.72
2014.05.12 18:30:07.348,0.83129,0.83149,1.77,1.58
2014.05.12 18:30:07.550,0.83127,0.83146,2.22,1.27
2014.05.12 18:30:08.052,0.83125,0.83141,1.84,1.00
2014.05.12 18:30:09.460,0.83125,0.83143,1.84,2.03
2014.05.12 18:30:12.627,0.83127,0.83145,3.27,1.34
2014.05.12 18:30:15.678,0.83129,0.83145,1.69,1.27
2014.05.12 18:30:15.728,0.83129,0.83145,1.77,1.29
2014.05.12 18:30:16.943,0.83129,0.83147,2.52,1.47
2014.05.12 18:30:20.154,0.8313,0.83147,1.29,1.47
2014.05.12 18:30:21.163,0.83131,0.83148,1.19,3.57
2014.05.12 18:30:26.072,0.83129,0.83147,1.58,1.47
2014.05.12 18:30:26.831,0.83129,0.83147,1.05,1.37
2014.05.12 18:30:26.881,0.83142,0.8315,1.00,2.33
2014.05.12 18:30:26.932,0.83142,0.83154,1.00,1.65
2014.05.12 18:30:27.486,0.83142,0.83159,2.25,1.47
2014.05.12 18:30:28.529,0.83142,0.8316,1.69,2.07
2014.05.12 18:30:30.597,0.83142,0.8316,1.19,2.07
2014.05.12 18:30:37.018,0.83142,0.83159,1.69,1.72
2014.05.12 18:30:41.810,0.83144,0.83161,2.52,1.72
2014.05.12 18:30:45.949,0.83144,0.8316,2.33,1.74
2014.05.12 18:30:48.061,0.83144,0.83159,2.52,1.39
2014.05.12 18:30:49.063,0.83144,0.8316,2.33,1.74
2014.05.12 18:30:58.591,0.83142,0.83158,3.34,1.19
2014.05.12 18:30:59.127,0.83142,0.83159,1.40,1.39
2014.05.12 18:31:01.399,0.83142,0.83157,1.40,1.19
2014.05.12 18:31:02.476,0.83142,0.83157,1.09,1.19
2014.05.12 18:31:03.142,0.83142,0.83158,2.33,1.32
2014.05.12 18:31:06.211,0.83142,0.83157,2.33,1.19
2014.05.12 18:31:11.979,0.83142,0.83155,1.00,1.19
2014.05.12 18:31:13.841,0.83142,0.83154,1.00,1.19
2014.05.12 18:31:14.244,0.83138,0.83154,1.50,1.39
2014.05.12 18:31:14.879,0.83141,0.83154,1.00,2.14
2014.05.12 18:31:16.352,0.83141,0.83154,1.00,2.14
2014.05.12 18:31:17.079,0.83142,0.83153,1.00,1.25
2014.05.12 18:31:17.656,0.83142,0.83153,1.00,1.19
2014.05.12 18:31:24.278,0.83142,0.83153,1.00,1.69
2014.05.12 18:31:29.841,0.83142,0.83153,1.00,1.69
2014.05.12 18:31:31.086,0.83142,0.83153,1.08,1.00
2014.05.12 18:31:31.856,0.83141,0.83155,1.09,1.19
2014.05.12 18:31:32.055,0.83141,0.83157,1.09,1.19
2014.05.12 18:31:34.262,0.83141,0.83157,1.84,1.19
2014.05.12 18:31:35.620,0.83141,0.83158,1.37,1.62
2014.05.12 18:31:36.573,0.83141,0.83159,1.84,3.87
2014.05.12 18:31:39.987,0.83141,0.83158,1.37,1.62
2014.05.12 18:31:42.091,0.83141,0.83159,1.84,3.87
2014.05.12 18:31:43.231,0.83141,0.83157,1.84,1.19
2014.05.12 18:31:44.300,0.83141,0.83159,1.84,3.87
2014.05.12 18:31:46.108,0.83141,0.83158,1.84,1.15
2014.05.12 18:31:47.113,0.83141,0.83157,1.84,1.19
2014.05.12 18:31:51.522,0.83142,0.83158,1.27,1.62
2014.05.12 18:31:53.228,0.83141,0.83158,1.84,1.15
2014.05.12 18:31:54.631,0.83142,0.83158,1.27,1.62
2014.05.12 18:31:56.237,0.83141,0.83158,1.84,1.15
2014.05.12 18:31:58.041,0.83142,0.83158,1.27,1.62
2014.05.12 18:32:11.518,0.83141,0.83157,1.47,1.19
2014.05.12 18:32:14.692,0.83141,0.83157,1.47,1.05
2014.05.12 18:32:15.695,0.83141,0.83158,1.47,3.19
2014.05.12 18:32:19.803,0.83141,0.83157,1.47,1.05
2014.05.12 18:32:20.807,0.83141,0.83158,1.47,3.19
2014.05.12 18:32:22.211,0.83141,0.83157,1.47,1.05
2014.05.12 18:32:24.716,0.83141,0.83157,2.22,1.54
2014.05.12 18:32:24.836,0.8314,0.83157,2.97,1.54
2014.05.12 18:32:25.137,0.83142,0.83157,1.19,1.54
2014.05.12 18:32:25.339,0.83139,0.83157,2.97,1.54
2014.05.12 18:32:26.423,0.8314,0.83157,1.72,2.29
2014.05.12 18:32:27.528,0.83139,0.83157,1.72,1.54
2014.05.12 18:32:31.038,0.8314,0.83156,1.34,1.19
2014.05.12 18:32:32.043,0.83139,0.83157,1.47,2.67
2014.05.12 18:32:35.657,0.8314,0.83156,1.37,1.29
2014.05.12 18:32:36.203,0.83141,0.83157,1.29,2.82
2014.05.12 18:32:38.535,0.83141,0.83154,1.29,1.00
2014.05.12 18:32:38.586,0.83138,0.83154,2.22,1.00
2014.05.12 18:32:42.691,0.83141,0.83154,1.29,1.35
2014.05.12 18:32:42.843,0.83138,0.83156,1.72,1.10
2014.05.12 18:32:44.092,0.8314,0.83156,1.37,1.10
2014.05.12 18:32:47.303,0.83141,0.83156,1.29,1.02
2014.05.12 18:32:51.111,0.83141,0.83156,1.29,1.10
2014.05.12 18:32:52.459,0.83141,0.83156,1.27,1.00
2014.05.12 18:32:55.928,0.83142,0.83156,1.37,1.00
2014.05.12 18:33:01.849,0.83141,0.83156,1.34,1.00
2014.05.12 18:33:18.096,0.83142,0.83156,1.47,1.00
2014.05.12 18:33:20.403,0.83141,0.83156,2.22,1.00
2014.05.12 18:33:21.310,0.83141,0.83156,1.72,1.19
2014.05.12 18:33:22.415,0.83141,0.83156,2.22,1.25
2014.05.12 18:33:27.234,0.83141,0.83156,2.22,1.19
2014.05.12 18:33:29.740,0.83142,0.83156,1.47,1.25
2014.05.12 18:33:31.886,0.83141,0.83158,2.22,3.12
2014.05.12 18:33:33.517,0.83142,0.83158,1.47,3.04
2014.05.12 18:33:37.727,0.83141,0.83157,2.22,1.54
2014.05.12 18:33:43.542,0.83141,0.83157,2.22,1.54
2014.05.12 18:33:44.744,0.83141,0.83157,2.22,1.05
2014.05.12 18:33:46.252,0.83141,0.83158,1.78,3.79
2014.05.12 18:33:46.403,0.83141,0.83158,1.63,3.94
2014.05.12 18:33:46.755,0.83141,0.83155,1.63,2.10
2014.05.12 18:33:46.907,0.83139,0.83155,1.39,3.04
2014.05.12 18:33:48.804,0.83138,0.83154,1.74,1.54
2014.05.12 18:33:50.206,0.83138,0.83154,1.74,1.54
2014.05.12 18:33:51.371,0.83137,0.83154,1.72,1.05
2014.05.12 18:33:57.270,0.83138,0.83154,1.74,1.54
2014.05.12 18:34:01.080,0.83138,0.83154,1.74,1.54
2014.05.12 18:34:02.986,0.83137,0.83155,1.72,2.29
2014.05.12 18:34:06.696,0.83138,0.83154,1.47,1.54
2014.05.12 18:34:12.010,0.83137,0.83154,1.72,1.05
2014.05.12 18:34:16.120,0.83138,0.83155,1.47,2.29
2014.05.12 18:34:17.123,0.83137,0.83154,1.72,1.05
2014.05.12 18:34:17.828,0.83137,0.83153,1.72,1.19
2014.05.12 18:34:20.841,0.83136,0.83154,2.22,1.54
2014.05.12 18:34:22.545,0.83138,0.83154,1.47,1.54
2014.05.12 18:34:24.351,0.83137,0.83154,1.57,1.62
2014.05.12 18:34:25.653,0.83137,0.83154,1.57,1.15
2014.05.12 18:34:28.064,0.83138,0.83154,1.32,1.62
2014.05.12 18:34:31.170,0.83137,0.83154,1.72,1.05
2014.05.12 18:34:34.681,0.83138,0.83154,1.47,1.05
2014.05.12 18:34:37.590,0.83138,0.83155,1.47,1.79
2014.05.12 18:34:38.762,0.83137,0.83153,1.72,1.19
2014.05.12 18:34:44.752,0.83137,0.83154,2.89,1.54
2014.05.12 18:34:44.912,0.83136,0.83154,2.22,1.54
2014.05.12 18:34:46.719,0.83136,0.83152,2.22,1.19
2014.05.12 18:34:56.247,0.83136,0.83152,1.72,1.19
2014.05.12 18:34:57.754,0.83136,0.83152,1.72,1.19
2014.05.12 18:34:59.058,0.83136,0.83154,1.72,3.04
2014.05.12 18:35:05.380,0.83136,0.83152,1.72,1.19
2014.05.12 18:35:05.595,0.83136,0.83152,1.72,1.19
2014.05.12 18:35:06.880,0.83136,0.83152,1.72,1.19
2014.05.12 18:35:09.488,0.83136,0.83152,1.72,1.19
2014.05.12 18:35:12.000,0.83135,0.83153,2.97,1.54
2014.05.12 18:35:17.917,0.83135,0.83153,2.97,1.54
2014.05.12 18:35:21.128,0.83135,0.83151,2.97,1.19
2014.05.12 18:35:24.434,0.83135,0.83153,2.97,1.54
2014.05.12 18:35:27.346,0.83136,0.83152,1.72,1.19
2014.05.12 18:35:29.330,0.83135,0.83153,2.97,1.54
2014.05.12 18:35:33.145,0.83136,0.83152,1.72,1.19
2014.05.12 18:35:34.950,0.83136,0.83152,1.47,1.19
2014.05.12 18:35:38.062,0.83137,0.83153,1.37,1.19
2014.05.12 18:35:39.767,0.83137,0.83153,1.37,1.19
2014.05.12 18:35:41.073,0.83136,0.83152,1.47,1.19
2014.05.12 18:35:45.082,0.83137,0.83153,1.37,1.19
2014.05.12 18:35:47.492,0.83135,0.83153,2.97,1.19
2014.05.12 18:35:48.494,0.83136,0.83152,1.47,1.19
2014.05.12 18:35:56.618,0.83136,0.83155,1.47,2.37
2014.05.12 18:35:59.528,0.83136,0.83154,1.47,1.54
2014.05.12 18:36:05.245,0.83137,0.83153,1.37,1.54
2014.05.12 18:36:09.660,0.83136,0.83154,1.32,3.04
2014.05.12 18:36:11.765,0.83137,0.83153,1.19,1.54
2014.05.12 18:36:12.870,0.83136,0.83154,1.32,3.04
2014.05.12 18:36:13.973,0.83136,0.83153,1.32,1.05
2014.05.12 18:36:16.981,0.83137,0.83153,1.19,1.54
2014.05.12 18:36:18.685,0.83137,0.83153,1.19,1.54
2014.05.12 18:36:21.495,0.83136,0.83154,1.32,3.04
2014.05.12 18:36:22.434,0.83138,0.83152,1.19,1.00
2014.05.12 18:36:26.508,0.83136,0.83152,1.32,1.00
2014.05.12 18:36:27.515,0.83136,0.83152,1.47,1.00
2014.05.12 18:36:30.818,0.83137,0.83152,1.37,1.19
2014.05.12 18:36:32.426,0.83136,0.83152,1.47,1.00
2014.05.12 18:36:40.552,0.83138,0.83152,1.39,1.00
2014.05.12 18:36:40.603,0.83138,0.83154,1.39,1.25
2014.05.12 18:36:42.857,0.83137,0.83154,1.74,1.00
2014.05.12 18:36:45.192,0.83137,0.83152,1.74,1.00
2014.05.12 18:36:45.493,0.83136,0.8315,1.72,1.00
2014.05.12 18:37:06.023,0.83138,0.8315,1.27,1.00
2014.05.12 18:37:08.193,0.83138,0.8315,1.27,1.00
2014.05.12 18:37:08.768,0.83138,0.83151,1.27,1.00
2014.05.12 18:37:09.306,0.83138,0.83151,1.34,1.00
2014.05.12 18:37:29.493,0.83137,0.83151,1.47,1.00
2014.05.12 18:37:30.511,0.83139,0.83151,1.29,1.00
2014.05.12 18:37:35.090,0.83139,0.83151,1.29,1.00
2014.05.12 18:37:36.794,0.83138,0.83151,1.47,1.00
2014.05.12 18:37:39.101,0.8314,0.83151,1.19,1.00
2014.05.12 18:37:41.508,0.83139,0.83151,1.29,1.00
2014.05.12 18:37:41.941,0.83141,0.83151,1.19,1.00
2014.05.12 18:37:42.143,0.8314,0.83153,1.34,1.00
2014.05.12 18:37:42.244,0.83142,0.83155,1.47,1.00
2014.05.12 18:37:42.309,0.83142,0.83155,1.47,1.00
2014.05.12 18:37:42.545,0.83142,0.83157,2.22,1.00
2014.05.12 18:37:49.461,0.83143,0.83157,2.82,1.00
2014.05.12 18:37:49.512,0.83142,0.83157,2.22,1.00
2014.05.12 18:37:49.718,0.83142,0.83157,4.39,1.00
2014.05.12 18:37:51.521,0.83142,0.83156,4.39,1.00
2014.05.12 18:37:59.744,0.83142,0.83156,2.70,1.19
2014.05.12 18:38:00.823,0.83141,0.83156,1.78,1.19
2014.05.12 18:38:01.348,0.8314,0.83156,1.72,1.69
2014.05.12 18:38:01.506,0.83138,0.83156,1.72,1.00
2014.05.12 18:38:01.557,0.83138,0.83153,1.72,1.00
2014.05.12 18:38:03.090,0.83139,0.83155,1.72,1.54
2014.05.12 18:38:05.125,0.83138,0.83155,1.74,1.00
2014.05.12 18:38:05.644,0.83138,0.83153,1.74,1.00
2014.05.12 18:38:05.956,0.83138,0.83151,1.74,1.00
2014.05.12 18:38:08.632,0.83138,0.83155,1.74,1.25
2014.05.12 18:38:10.387,0.83137,0.83155,2.22,1.00
2014.05.12 18:38:11.894,0.83138,0.83155,1.47,1.25
2014.05.12 18:38:13.335,0.83137,0.83155,2.22,1.25
2014.05.12 18:38:13.541,0.83137,0.83152,2.22,1.00
2014.05.12 18:38:15.305,0.83138,0.83152,1.47,1.00
2014.05.12 18:38:16.409,0.83138,0.83153,1.47,1.00
2014.05.12 18:38:17.621,0.83138,0.83153,1.47,1.00
2014.05.12 18:38:21.581,0.83138,0.83152,1.47,1.00
2014.05.12 18:38:22.235,0.83137,0.83152,1.72,1.00
2014.05.12 18:38:25.496,0.83137,0.83152,1.78,1.25
2014.05.12 18:38:27.094,0.83137,0.83154,1.72,1.35
2014.05.12 18:38:30.564,0.83137,0.83154,1.72,1.54
2014.05.12 18:38:31.402,0.83137,0.83152,1.72,1.00
2014.05.12 18:38:31.912,0.83138,0.83153,1.47,1.00
2014.05.12 18:38:32.671,0.83137,0.83153,1.70,1.02
2014.05.12 18:38:32.927,0.83137,0.83151,1.25,1.00
2014.05.12 18:38:33.770,0.83137,0.83151,1.69,1.00
2014.05.12 18:38:35.877,0.83137,0.83151,1.69,1.00
2014.05.12 18:38:36.981,0.83137,0.83151,1.19,1.00
2014.05.12 18:38:37.594,0.83137,0.83151,1.27,1.00
2014.05.12 18:38:45.907,0.83137,0.83153,1.84,1.00
2014.05.12 18:38:45.959,0.83137,0.83153,3.72,1.00
2014.05.12 18:38:46.060,0.83137,0.83153,3.72,1.00
2014.05.12 18:38:46.262,0.83139,0.83153,2.52,1.00
2014.05.12 18:38:46.414,0.83139,0.83155,2.52,1.25
2014.05.12 18:38:47.117,0.83139,0.83153,2.52,1.00
2014.05.12 18:38:47.218,0.83138,0.83153,1.47,1.00
2014.05.12 18:38:47.972,0.83138,0.83155,1.47,1.25
2014.05.12 18:38:48.327,0.83137,0.83152,1.78,1.00
2014.05.12 18:39:00.670,0.83138,0.83154,1.47,1.25
2014.05.12 18:39:00.720,0.83141,0.83154,1.19,1.00
2014.05.12 18:39:00.871,0.83141,0.83156,1.32,1.25
2014.05.12 18:39:01.921,0.83142,0.83156,1.25,1.00
2014.05.12 18:39:08.328,0.83142,0.83156,1.39,1.00
2014.05.12 18:39:09.431,0.83142,0.83156,1.39,1.00
2014.05.12 18:39:11.139,0.83142,0.83156,1.39,1.00
2014.05.12 18:39:11.843,0.83144,0.83156,1.19,1.00
2014.05.12 18:39:14.574,0.83143,0.83156,1.19,1.00
2014.05.12 18:39:15.957,0.83143,0.83156,1.19,1.00
2014.05.12 18:39:17.364,0.83142,0.83155,1.39,1.00
2014.05.12 18:39:21.075,0.83143,0.83155,1.19,1.00
2014.05.12 18:39:21.491,0.83146,0.83155,1.19,1.00
2014.05.12 18:39:21.541,0.83146,0.83157,1.19,1.00
2014.05.12 18:39:22.221,0.83146,0.83158,1.57,1.00
2014.05.12 18:39:24.490,0.83147,0.83158,1.39,1.00
2014.05.12 18:39:26.097,0.83146,0.83158,1.74,1.00
2014.05.12 18:39:27.297,0.83147,0.83158,1.39,1.00
2014.05.12 18:39:28.402,0.83147,0.83158,1.39,1.00
2014.05.12 18:39:29.047,0.83152,0.83158,1.19,1.00
2014.05.12 18:39:29.333,0.83154,0.83169,1.27,1.10
2014.05.12 18:39:29.434,0.83153,0.83168,1.29,1.10
2014.05.12 18:39:29.822,0.83153,0.83166,1.29,1.00
2014.05.12 18:39:30.519,0.83152,0.83166,1.37,1.25
2014.05.12 18:39:32.637,0.83152,0.83167,1.37,1.00
2014.05.12 18:39:32.989,0.83148,0.83166,4.02,1.32
2014.05.12 18:39:33.090,0.83148,0.83165,1.37,1.02
2014.05.12 18:39:33.767,0.83148,0.83164,1.37,1.00
2014.05.12 18:39:35.144,0.83146,0.83164,2.22,1.19
2014.05.12 18:39:39.560,0.83146,0.83164,1.72,1.00
2014.05.12 18:39:39.808,0.83146,0.83164,1.64,1.18
2014.05.12 18:39:42.778,0.83147,0.83164,1.39,1.37
2014.05.12 18:39:42.929,0.83148,0.83165,1.19,1.28
2014.05.12 18:39:43.461,0.83151,0.83167,1.00,3.27
2014.05.12 18:39:43.511,0.83151,0.83167,1.00,1.39
2014.05.12 18:39:44.140,0.83148,0.83165,1.47,1.19
2014.05.12 18:39:46.403,0.83149,0.83165,1.19,1.29
2014.05.12 18:39:47.507,0.83149,0.83165,1.19,1.29
2014.05.12 18:39:49.616,0.83148,0.83166,1.32,1.84
2014.05.12 18:39:51.875,0.83148,0.83166,1.47,1.25
2014.05.12 18:39:52.831,0.83149,0.83166,1.34,1.00
2014.05.12 18:39:53.537,0.83147,0.83166,2.22,1.00
2014.05.12 18:39:56.845,0.83152,0.83166,1.19,1.25
2014.05.12 18:39:58.052,0.83149,0.83166,1.47,1.00
2014.05.12 18:40:00.460,0.83151,0.83166,1.19,1.00
2014.05.12 18:40:01.465,0.8315,0.83166,1.39,1.00
2014.05.12 18:40:04.176,0.83151,0.83166,1.19,1.25
2014.05.12 18:40:06.969,0.83152,0.83164,1.19,1.00
2014.05.12 18:40:07.472,0.83152,0.83165,1.27,1.00
2014.05.12 18:40:08.300,0.83152,0.83168,1.19,3.12
2014.05.12 18:40:09.495,0.83152,0.83166,1.19,1.00
2014.05.12 18:40:16.116,0.83152,0.83166,1.19,1.25
2014.05.12 18:40:31.963,0.83153,0.83166,1.19,1.00
2014.05.12 18:40:33.370,0.83151,0.83166,1.29,1.00
2014.05.12 18:40:36.377,0.83151,0.83166,1.29,1.00
2014.05.12 18:40:40.070,0.83151,0.83166,1.29,1.00
2014.05.12 18:40:41.476,0.83152,0.83166,1.19,1.00
2014.05.12 18:40:45.986,0.83152,0.83166,1.19,1.00
2014.05.12 18:40:47.193,0.83153,0.83166,1.19,1.00
2014.05.12 18:40:50.902,0.83152,0.83166,1.84,1.00
2014.05.12 18:40:54.615,0.83153,0.83166,1.39,1.00
2014.05.12 18:40:57.227,0.83153,0.83166,1.47,1.00
2014.05.12 18:40:59.552,0.83152,0.83166,2.22,1.00
2014.05.12 18:41:01.256,0.83152,0.83166,1.72,1.00
2014.05.12 18:41:08.546,0.83152,0.83169,1.27,3.04
2014.05.12 18:41:18.209,0.83152,0.83169,1.02,3.12
2014.05.12 18:41:19.240,0.83152,0.83168,1.40,1.19
2014.05.12 18:41:19.846,0.83152,0.83168,1.84,1.00
2014.05.12 18:41:20.152,0.83152,0.83168,4.39,1.00
2014.05.12 18:41:31.763,0.83156,0.83168,1.37,1.00
2014.05.12 18:41:33.167,0.83155,0.83168,1.34,1.00
2014.05.12 18:41:52.567,0.83157,0.83169,1.20,1.00
2014.05.12 18:42:01.532,0.83157,0.83169,1.69,1.00
2014.05.12 18:42:02.920,0.83156,0.83169,1.29,1.08
2014.05.12 18:42:02.970,0.83154,0.83169,1.32,1.08
2014.05.12 18:42:03.024,0.83154,0.83169,1.39,1.00
2014.05.12 18:42:04.704,0.83154,0.83169,1.32,1.00
2014.05.12 18:42:18.337,0.83154,0.83168,1.19,1.00
2014.05.12 18:42:18.438,0.83154,0.83168,1.34,1.00
2014.05.12 18:42:29.133,0.83153,0.83168,1.29,1.25
2014.05.12 18:42:29.549,0.83153,0.83168,3.27,1.25
2014.05.12 18:42:49.260,0.83153,0.83168,2.70,1.19
2014.05.12 18:42:52.268,0.83153,0.83168,2.89,1.25
2014.05.12 18:42:56.184,0.83153,0.83168,2.89,1.69
2014.05.12 18:43:02.091,0.83153,0.83168,2.70,1.69
2014.05.12 18:43:07.820,0.83153,0.83168,2.89,1.00
2014.05.12 18:43:11.119,0.83153,0.83168,2.89,1.69
2014.05.12 18:43:17.135,0.83153,0.83168,3.64,1.25
2014.05.12 18:43:19.843,0.83153,0.83168,2.70,1.19
2014.05.12 18:43:21.146,0.83153,0.83168,2.70,1.00
2014.05.12 18:43:30.170,0.83152,0.83168,1.57,1.25
2014.05.12 18:43:42.104,0.83153,0.83169,1.57,1.19
2014.05.12 18:43:44.213,0.83153,0.83171,1.57,1.54
2014.05.12 18:43:45.617,0.83152,0.8317,1.57,1.19
2014.05.12 18:43:49.629,0.83153,0.83169,1.57,1.69
2014.05.12 18:43:50.735,0.83153,0.83169,1.57,1.00
2014.05.12 18:43:54.145,0.83154,0.83169,1.32,1.00
2014.05.12 18:43:55.653,0.83154,0.83169,1.32,1.00
2014.05.12 18:43:57.660,0.83154,0.83169,1.32,1.00
2014.05.12 18:43:58.664,0.83154,0.83169,1.32,1.00
2014.05.12 18:44:00.067,0.83152,0.83169,1.57,1.00
2014.05.12 18:44:00.418,0.83156,0.83169,1.00,1.00
2014.05.12 18:44:01.376,0.83156,0.83169,1.00,1.29
2014.05.12 18:44:02.682,0.83156,0.83169,1.25,1.02
2014.05.12 18:44:03.348,0.83156,0.83169,1.33,1.25
2014.05.12 18:44:04.575,0.83156,0.83169,1.25,1.33
2014.05.12 18:44:05.148,0.83156,0.83169,1.10,1.25
2014.05.12 18:44:07.795,0.83156,0.83169,1.20,1.19
2014.05.12 18:44:11.033,0.83152,0.83169,2.22,1.19
2014.05.12 18:44:12.516,0.83152,0.83169,2.22,1.25
2014.05.12 18:44:14.623,0.83152,0.83169,2.22,1.19
2014.05.12 18:44:16.129,0.83152,0.83169,1.74,1.25
2014.05.12 18:44:18.309,0.83152,0.83169,1.74,1.25
2014.05.12 18:44:19.340,0.83152,0.83169,2.22,1.19
2014.05.12 18:44:22.756,0.83152,0.83169,2.22,1.25
2014.05.12 18:44:25.158,0.83153,0.83169,1.72,1.69
2014.05.12 18:44:26.161,0.83152,0.83169,2.22,1.25
2014.05.12 18:44:28.968,0.83153,0.83169,1.72,1.69
2014.05.12 18:44:30.474,0.83152,0.83169,1.84,1.25
2014.05.12 18:44:31.978,0.83152,0.83169,1.72,1.85
2014.05.12 18:44:38.475,0.83152,0.83169,4.39,1.85
2014.05.12 18:44:54.348,0.83152,0.83168,3.64,1.54
2014.05.12 18:44:55.352,0.83152,0.83167,2.89,1.19
2014.05.12 18:44:55.503,0.83151,0.83167,1.72,1.19
2014.05.12 18:45:00.276,0.83149,0.83166,2.89,1.19
2014.05.12 18:45:00.408,0.83149,0.83164,2.70,1.19
2014.05.12 18:45:00.508,0.83146,0.83164,2.22,1.19
2014.05.12 18:45:00.572,0.83146,0.83163,2.22,1.19
2014.05.12 18:45:01.102,0.83146,0.83161,1.28,1.19
2014.05.12 18:45:01.494,0.83146,0.8316,1.00,1.19
2014.05.12 18:45:02.095,0.83146,0.83162,1.00,1.69
2014.05.12 18:45:02.427,0.83146,0.8316,1.00,1.19
2014.05.12 18:45:03.785,0.83146,0.83161,1.00,1.54
2014.05.12 18:45:04.197,0.83146,0.8316,1.00,1.19
2014.05.12 18:45:05.642,0.83146,0.83162,1.00,1.39
2014.05.12 18:45:06.228,0.83146,0.8316,1.00,1.19
2014.05.12 18:45:07.028,0.83142,0.8316,1.72,1.19
2014.05.12 18:45:07.801,0.83142,0.83161,1.72,1.25
2014.05.12 18:45:08.423,0.83146,0.83162,1.00,1.39
2014.05.12 18:45:08.956,0.83146,0.83163,1.00,2.22
2014.05.12 18:45:10.137,0.83143,0.8316,1.72,1.19
2014.05.12 18:45:11.517,0.83142,0.83159,1.77,1.39
2014.05.12 18:45:11.898,0.83146,0.83161,1.00,1.47
2014.05.12 18:45:18.034,0.83146,0.8316,1.00,1.34
2014.05.12 18:45:18.185,0.83141,0.8316,2.22,1.84
2014.05.12 18:45:19.838,0.83141,0.8316,1.72,1.40
2014.05.12 18:45:19.938,0.83147,0.83161,1.00,2.22
2014.05.12 18:45:24.854,0.83147,0.83157,1.00,1.19
2014.05.12 18:45:26.075,0.83141,0.83158,2.97,1.19
2014.05.12 18:45:26.939,0.83141,0.83156,1.78,1.69
2014.05.12 18:45:27.693,0.83138,0.83156,1.34,1.69
2014.05.12 18:45:28.226,0.83142,0.83157,1.00,1.29
2014.05.12 18:45:29.080,0.83142,0.83155,1.00,1.19
2014.05.12 18:45:34.498,0.83142,0.83153,1.00,1.19
2014.05.12 18:45:34.700,0.83137,0.83152,1.18,1.19
2014.05.12 18:45:35.605,0.83137,0.83151,1.09,1.19
2014.05.12 18:45:35.807,0.83137,0.83153,1.09,1.19
2014.05.12 18:45:38.295,0.83141,0.83153,1.00,1.19
2014.05.12 18:45:38.346,0.83141,0.83155,1.00,1.77
2014.05.12 18:45:42.027,0.83141,0.83153,1.20,1.19
2014.05.12 18:45:43.863,0.83142,0.83156,1.00,1.19
2014.05.12 18:45:49.653,0.83142,0.83154,1.00,1.19
2014.05.12 18:45:50.156,0.83138,0.83154,1.47,1.19
2014.05.12 18:45:51.158,0.83137,0.83153,1.72,1.19
2014.05.12 18:45:52.061,0.83137,0.83155,2.22,1.25
2014.05.12 18:45:53.464,0.83141,0.83156,1.20,1.25
2014.05.12 18:45:58.034,0.83141,0.83154,1.20,1.00
2014.05.12 18:45:59.837,0.83142,0.83156,1.00,2.44
2014.05.12 18:46:00.355,0.83141,0.83156,1.20,1.25
2014.05.12 18:46:02.294,0.83141,0.83156,1.20,1.69
2014.05.12 18:46:05.401,0.83141,0.83156,1.20,2.07
2014.05.12 18:46:06.079,0.83136,0.83154,6.57,1.00
2014.05.12 18:46:07.410,0.83136,0.83152,6.57,1.19
2014.05.12 18:46:07.836,0.83142,0.83154,1.00,1.19
2014.05.12 18:46:08.914,0.83142,0.83155,1.00,1.19
2014.05.12 18:46:12.325,0.83142,0.83153,1.00,1.25
2014.05.12 18:46:14.105,0.83136,0.83153,5.82,1.25
2014.05.12 18:46:14.257,0.83136,0.83152,5.82,1.19
2014.05.12 18:46:15.866,0.83141,0.83155,1.20,1.19
2014.05.12 18:46:18.942,0.83141,0.83154,1.00,1.29
2014.05.12 18:46:22.145,0.83136,0.83154,1.78,1.29
2014.05.12 18:46:23.458,0.83136,0.83153,1.72,1.19
2014.05.12 18:46:23.603,0.83142,0.83153,1.00,1.19
2014.05.12 18:46:24.761,0.83142,0.83154,1.00,1.02
2014.05.12 18:46:26.066,0.83142,0.83154,1.00,1.29
2014.05.12 18:46:27.471,0.83142,0.83153,1.00,1.32
2014.05.12 18:46:28.976,0.83142,0.83151,1.00,1.19
2014.05.12 18:46:39.076,0.83137,0.83151,1.09,1.19
2014.05.12 18:46:40.202,0.83137,0.8315,1.20,1.19
2014.05.12 18:46:40.616,0.83142,0.83152,1.00,1.69
2014.05.12 18:46:43.009,0.83142,0.83153,1.00,1.19
2014.05.12 18:46:45.118,0.83142,0.83154,1.00,1.84
2014.05.12 18:46:45.637,0.83142,0.83152,1.00,1.25
2014.05.12 18:46:50.130,0.83142,0.83151,1.00,1.19
2014.05.12 18:46:51.834,0.83142,0.8315,1.00,1.19
2014.05.12 18:46:53.058,0.83136,0.8315,1.40,1.19
2014.05.12 18:46:53.109,0.83136,0.83152,1.15,1.19
2014.05.12 18:46:55.149,0.83136,0.83151,1.34,1.19
2014.05.12 18:46:56.258,0.83137,0.83153,1.39,1.19
2014.05.12 18:46:56.561,0.83142,0.83155,1.00,1.25
2014.05.12 18:47:01.377,0.83142,0.83155,1.00,1.69
2014.05.12 18:47:02.194,0.83142,0.83152,1.00,1.19
2014.05.12 18:47:02.395,0.83137,0.83152,1.10,1.19
2014.05.12 18:47:03.486,0.83137,0.83153,1.10,1.19
2014.05.12 18:47:12.135,0.83137,0.83151,1.02,1.19
2014.05.12 18:47:12.809,0.83137,0.83153,1.10,1.19
2014.05.12 18:47:16.722,0.83137,0.83152,1.10,1.19
2014.05.12 18:47:18.426,0.83137,0.83151,1.10,1.19
2014.05.12 18:47:25.394,0.83137,0.83153,1.10,1.69
2014.05.12 18:47:26.748,0.83137,0.83152,1.10,1.19
2014.05.12 18:47:26.852,0.83137,0.83153,1.10,1.25
2014.05.12 18:47:29.560,0.83137,0.83153,1.10,1.69
2014.05.12 18:47:30.314,0.83142,0.83153,1.00,1.69
2014.05.12 18:47:30.465,0.83137,0.83153,1.10,1.69
2014.05.12 18:47:30.675,0.83142,0.83153,1.00,1.69
2014.05.12 18:47:30.863,0.83137,0.83152,1.10,1.19
2014.05.12 18:47:32.774,0.83137,0.83151,1.10,1.19
2014.05.12 18:47:33.693,0.83137,0.83154,1.10,1.77
2014.05.12 18:47:35.582,0.83137,0.83154,1.20,1.02
2014.05.12 18:47:35.633,0.83141,0.83154,1.00,1.02
2014.05.12 18:47:37.788,0.83141,0.83153,1.00,1.19
2014.05.12 18:47:39.553,0.83137,0.83153,1.20,1.19
2014.05.12 18:47:39.775,0.83142,0.83153,1.00,1.19
2014.05.12 18:47:39.926,0.83136,0.83151,1.47,1.19
2014.05.12 18:47:41.904,0.83142,0.83151,1.00,1.19
2014.05.12 18:47:41.954,0.83142,0.83153,1.00,1.69
2014.05.12 18:47:42.413,0.83136,0.83153,1.55,1.69
2014.05.12 18:47:44.250,0.83136,0.83152,1.70,1.29
2014.05.12 18:47:47.474,0.83142,0.83152,1.00,1.29
2014.05.12 18:47:47.804,0.83137,0.83152,1.20,1.29
2014.05.12 18:47:48.063,0.83137,0.8315,1.20,1.19
2014.05.12 18:47:49.530,0.83137,0.83152,1.20,1.77
2014.05.12 18:47:49.582,0.83141,0.83152,1.00,1.77
2014.05.12 18:47:55.833,0.83137,0.83152,1.20,1.29
2014.05.12 18:47:56.906,0.83137,0.83151,1.20,1.19
2014.05.12 18:47:57.402,0.83142,0.83152,1.00,1.02
2014.05.12 18:48:01.663,0.83142,0.83154,1.00,1.25
2014.05.12 18:48:02.766,0.83142,0.83154,1.00,1.19
2014.05.12 18:48:03.903,0.83137,0.83154,1.28,1.69
2014.05.12 18:48:05.394,0.83137,0.83155,1.72,1.77
2014.05.12 18:48:06.212,0.83141,0.83155,1.00,1.77
2014.05.12 18:48:06.721,0.83141,0.83155,1.00,1.77
2014.05.12 18:48:07.679,0.83141,0.83155,1.00,1.02
2014.05.12 18:48:08.784,0.83141,0.83154,1.00,1.19
2014.05.12 18:48:11.295,0.83141,0.83152,1.00,1.19
2014.05.12 18:48:11.902,0.83137,0.83152,1.72,1.19
2014.05.12 18:48:12.702,0.83137,0.83153,1.72,1.19
2014.05.12 18:48:13.304,0.83137,0.83154,1.72,1.69
2014.05.12 18:48:13.743,0.83142,0.83154,1.00,1.19
2014.05.12 18:48:14.310,0.83142,0.83155,1.00,1.77
2014.05.12 18:48:19.813,0.83137,0.83155,1.78,1.77
2014.05.12 18:48:19.964,0.83137,0.83151,1.78,1.25
2014.05.12 18:48:20.870,0.83137,0.83153,1.72,1.19
2014.05.12 18:48:21.572,0.83137,0.83154,1.72,1.00
2014.05.12 18:48:22.101,0.83141,0.83156,1.13,1.84
2014.05.12 18:48:24.683,0.83141,0.83156,1.20,1.02
2014.05.12 18:48:26.391,0.83141,0.83156,1.20,1.77
2014.05.12 18:48:27.433,0.83141,0.83154,1.10,1.19
2014.05.12 18:48:28.397,0.83137,0.83152,1.72,1.25
2014.05.12 18:48:29.632,0.83142,0.83156,1.00,1.29
2014.05.12 18:48:32.413,0.83142,0.83156,1.00,1.29
2014.05.12 18:48:35.833,0.83142,0.83155,1.00,1.69
2014.05.12 18:48:36.527,0.83138,0.83155,1.47,1.69
2014.05.12 18:48:37.373,0.83137,0.83156,1.72,1.77
2014.05.12 18:48:38.331,0.83141,0.83157,1.10,1.77
2014.05.12 18:48:42.913,0.83141,0.83157,1.10,1.77
2014.05.12 18:48:44.216,0.83141,0.83154,1.10,1.19
2014.05.12 18:48:45.623,0.83137,0.83154,1.72,1.25
2014.05.12 18:48:50.837,0.83138,0.83154,1.47,1.69
2014.05.12 18:48:51.941,0.83137,0.83154,1.78,1.69
2014.05.12 18:48:56.158,0.83137,0.83152,1.72,1.19
2014.05.12 18:49:03.111,0.83137,0.83154,1.72,1.00
2014.05.12 18:49:05.118,0.83137,0.83154,2.22,1.69
2014.05.12 18:49:07.124,0.83137,0.83154,1.72,1.25
2014.05.12 18:49:08.128,0.83137,0.83154,1.72,1.69
2014.05.12 18:49:11.941,0.83137,0.83152,1.72,1.19
2014.05.12 18:49:19.162,0.83137,0.83154,1.72,1.69
2014.05.12 18:49:20.565,0.83137,0.83152,1.72,1.19
2014.05.12 18:49:22.674,0.83137,0.83153,1.63,1.19
2014.05.12 18:49:23.878,0.83137,0.83153,1.57,1.19
2014.05.12 18:49:25.282,0.83137,0.83152,1.57,1.19
2014.05.12 18:49:36.813,0.83137,0.83153,1.63,1.19
2014.05.12 18:49:38.818,0.83137,0.83152,1.38,1.19
2014.05.12 18:49:41.622,0.83137,0.83151,1.63,1.19
2014.05.12 18:49:45.535,0.83134,0.83152,2.22,1.19
2014.05.12 18:49:46.618,0.83134,0.83152,2.22,1.19
2014.05.12 18:49:53.081,0.83135,0.83151,1.47,1.19
2014.05.12 18:49:53.401,0.83142,0.83151,1.00,1.19
2014.05.12 18:49:53.512,0.83136,0.83151,1.34,1.19
2014.05.12 18:50:00.214,0.83136,0.83153,1.47,1.19
2014.05.12 18:50:00.264,0.83136,0.83153,3.64,1.19
2014.05.12 18:50:01.180,0.83136,0.83154,3.64,1.69
2014.05.12 18:50:02.186,0.83136,0.83154,3.64,1.69
2014.05.12 18:50:04.697,0.83136,0.83152,4.39,1.19
2014.05.12 18:50:08.805,0.83137,0.83153,1.47,1.19
2014.05.12 18:50:11.956,0.83136,0.83151,3.27,1.19
2014.05.12 18:50:12.100,0.83136,0.83151,1.37,1.19
2014.05.12 18:50:13.023,0.83136,0.83151,1.00,1.39
2014.05.12 18:50:14.046,0.83136,0.83151,1.00,1.39
2014.05.12 18:50:15.130,0.83136,0.83149,1.00,1.19
2014.05.12 18:50:17.333,0.83136,0.8315,1.25,1.19
2014.05.12 18:50:26.864,0.83136,0.83149,1.00,1.19
2014.05.12 18:50:29.070,0.83136,0.83148,1.00,1.19
2014.05.12 18:50:30.775,0.83136,0.83149,1.00,1.19
2014.05.12 18:50:35.474,0.83136,0.83148,1.10,1.19
2014.05.12 18:50:36.477,0.83136,0.8315,1.10,1.69
2014.05.12 18:50:38.983,0.83136,0.83148,1.10,1.19
2014.05.12 18:50:41.210,0.83136,0.8315,1.10,1.69
2014.05.12 18:50:42.095,0.83136,0.83146,1.10,1.19
2014.05.12 18:50:43.297,0.83136,0.83148,1.10,1.19
2014.05.12 18:50:43.836,0.83136,0.8315,1.10,1.69
2014.05.12 18:50:46.107,0.83136,0.8315,1.10,1.69
2014.05.12 18:50:48.819,0.83136,0.83149,1.10,1.19
2014.05.12 18:50:51.726,0.83136,0.8315,1.10,1.69
2014.05.12 18:50:53.532,0.83133,0.83149,1.47,1.19
2014.05.12 18:50:56.541,0.83131,0.83147,5.14,1.19
2014.05.12 18:50:57.143,0.83131,0.83146,4.39,1.19
2014.05.12 18:50:59.157,0.83131,0.83147,5.14,1.19
2014.05.12 18:51:00.763,0.83131,0.83149,5.14,1.19
2014.05.12 18:51:06.376,0.83131,0.83147,5.14,1.19
2014.05.12 18:51:07.681,0.83132,0.83148,1.47,1.19
2014.05.12 18:51:08.786,0.83131,0.83147,5.14,1.19
2014.05.12 18:51:11.595,0.83131,0.83148,4.39,1.19
2014.05.12 18:51:13.467,0.83131,0.83148,2.22,1.19
2014.05.12 18:51:18.117,0.83131,0.83146,2.22,1.19
2014.05.12 18:51:20.064,0.83131,0.83146,2.22,1.19
2014.05.12 18:51:24.984,0.83131,0.83148,2.22,1.19
2014.05.12 18:51:25.938,0.83131,0.83146,2.22,1.19
2014.05.12 18:51:31.451,0.83131,0.83145,2.22,1.19
2014.05.12 18:51:31.558,0.83131,0.83148,2.22,1.19
2014.05.12 18:51:32.554,0.83131,0.83146,2.22,1.19
2014.05.12 18:51:34.452,0.83131,0.83146,4.39,1.19
2014.05.12 18:51:34.561,0.83131,0.83149,5.14,1.19
2014.05.12 18:51:35.865,0.83131,0.83149,5.14,1.19
2014.05.12 18:51:40.381,0.83131,0.83148,4.39,1.19
2014.05.12 18:51:44.090,0.83131,0.83148,4.39,1.19
2014.05.12 18:51:46.599,0.83131,0.83149,5.14,1.19
2014.05.12 18:51:48.129,0.83131,0.83148,5.14,1.19
2014.05.12 18:51:51.214,0.83132,0.83151,1.47,1.29
2014.05.12 18:51:55.497,0.83132,0.83151,1.47,1.27
2014.05.12 18:51:56.024,0.83133,0.83149,1.27,1.29
2014.05.12 18:51:57.177,0.83132,0.83148,1.47,1.19
2014.05.12 18:52:00.038,0.83131,0.83149,2.97,1.29
2014.05.12 18:52:01.342,0.83132,0.83148,1.47,1.19
2014.05.12 18:52:04.653,0.83131,0.83147,2.97,1.19
2014.05.12 18:52:05.856,0.83131,0.83149,2.97,1.29
2014.05.12 18:52:08.061,0.83132,0.8315,1.37,1.27
2014.05.12 18:52:11.576,0.83133,0.83151,1.27,1.47
2014.05.12 18:52:13.179,0.83132,0.8315,1.37,1.27
2014.05.12 18:52:16.089,0.83132,0.83148,1.37,1.19
2014.05.12 18:52:17.608,0.83132,0.83151,1.37,1.47
2014.05.12 18:52:18.595,0.83133,0.83149,1.27,1.29
2014.05.12 18:52:22.010,0.83132,0.8315,1.37,1.27
2014.05.12 18:52:23.011,0.83132,0.83148,1.37,1.19
2014.05.12 18:52:24.315,0.83133,0.83149,1.27,1.29
2014.05.12 18:52:25.618,0.83132,0.8315,1.37,1.27
2014.05.12 18:52:29.532,0.83133,0.83149,1.27,1.29
2014.05.12 18:52:30.561,0.83131,0.83149,2.97,1.29
2014.05.12 18:52:33.047,0.83134,0.8315,1.29,1.27
2014.05.12 18:52:34.148,0.83133,0.83149,1.27,1.29
2014.05.12 18:52:36.356,0.83133,0.83149,1.27,1.29
2014.05.12 18:52:39.265,0.83133,0.83149,1.37,1.19
2014.05.12 18:52:40.370,0.83131,0.83149,2.97,1.19
2014.05.12 18:52:41.774,0.83132,0.83148,1.34,1.19
2014.05.12 18:52:44.589,0.83133,0.83149,1.37,1.19
2014.05.12 18:52:46.501,0.83132,0.83148,1.84,1.19
2014.05.12 18:52:46.868,0.83136,0.83148,1.00,1.19
2014.05.12 18:52:47.598,0.83136,0.8315,1.00,1.29
2014.05.12 18:52:50.900,0.83137,0.83149,1.00,1.19
2014.05.12 18:52:51.120,0.83133,0.83149,1.37,1.19
2014.05.12 18:52:51.767,0.83132,0.83149,1.47,1.19
2014.05.12 18:52:55.080,0.83137,0.83149,1.00,1.19
2014.05.12 18:52:59.459,0.83137,0.83148,1.00,1.19
2014.05.12 18:53:01.156,0.83137,0.83149,1.00,1.19
2014.05.12 18:53:04.572,0.83137,0.83148,1.00,1.19
2014.05.12 18:53:08.675,0.83137,0.83148,1.00,1.19
2014.05.12 18:53:09.569,0.83132,0.83148,2.22,1.19
2014.05.12 18:53:16.999,0.83132,0.83148,2.22,1.19
2014.05.12 18:53:17.556,0.83132,0.83148,2.22,1.19
2014.05.12 18:53:19.404,0.83132,0.83148,2.22,1.19
2014.05.12 18:53:21.210,0.83132,0.83147,1.47,1.19
2014.05.12 18:53:22.513,0.83132,0.83148,2.22,1.19
2014.05.12 18:53:25.120,0.83132,0.83149,1.47,1.19
2014.05.12 18:53:26.626,0.83132,0.83148,2.22,1.19
2014.05.12 18:53:28.233,0.83132,0.83147,1.47,1.19
2014.05.12 18:53:28.283,0.83136,0.83147,1.00,1.19
2014.05.12 18:53:29.635,0.83136,0.83148,1.00,1.19
2014.05.12 18:53:32.142,0.83136,0.83146,1.00,1.19
2014.05.12 18:53:33.146,0.83136,0.83148,1.00,1.19
2014.05.12 18:53:34.647,0.83131,0.83148,1.72,1.19
2014.05.12 18:53:36.187,0.83136,0.83148,1.00,1.19
2014.05.12 18:53:36.657,0.83131,0.83148,1.72,1.19
2014.05.12 18:53:42.673,0.83131,0.83146,1.72,1.19
2014.05.12 18:53:47.687,0.83132,0.83148,1.47,1.19
2014.05.12 18:53:58.119,0.83131,0.83147,2.22,1.19
2014.05.12 18:54:01.842,0.83131,0.83148,1.72,1.19
2014.05.12 18:54:02.857,0.83131,0.83147,2.22,1.19
2014.05.12 18:54:07.150,0.83132,0.8315,1.47,1.84
2014.05.12 18:54:10.158,0.83132,0.83148,1.47,1.19
2014.05.12 18:54:13.568,0.83132,0.83148,1.47,1.19
2014.05.12 18:54:15.013,0.83131,0.83149,2.22,1.19
2014.05.12 18:54:16.075,0.83132,0.83148,1.47,1.19
2014.05.12 18:54:30.817,0.83131,0.83149,2.22,1.29
2014.05.12 18:54:38.033,0.83133,0.83149,1.32,1.29
2014.05.12 18:54:39.139,0.83131,0.83149,1.74,1.29
2014.05.12 18:54:41.248,0.83132,0.83148,1.67,1.19
2014.05.12 18:54:42.886,0.8313,0.83148,1.72,1.19
2014.05.12 18:54:44.106,0.8313,0.83147,1.72,1.19
2014.05.12 18:54:45.161,0.83129,0.83148,2.22,1.69
2014.05.12 18:54:47.568,0.83131,0.83147,1.74,1.19
2014.05.12 18:54:51.180,0.83131,0.83147,1.74,1.19
2014.05.12 18:54:52.284,0.8313,0.83148,1.72,1.69
2014.05.12 18:54:54.590,0.8313,0.83148,1.72,1.69
2014.05.12 18:54:57.597,0.8313,0.83146,1.72,1.19
2014.05.12 18:54:59.302,0.83129,0.83147,2.22,1.19
2014.05.12 18:55:00.216,0.83129,0.83147,2.22,1.19
2014.05.12 18:55:00.926,0.83129,0.83146,1.72,1.19
2014.05.12 18:55:06.530,0.8313,0.83148,1.47,1.69
2014.05.12 18:55:07.531,0.8313,0.83148,1.47,1.69
2014.05.12 18:55:08.456,0.83132,0.83148,1.29,1.19
2014.05.12 18:55:09.766,0.83129,0.83145,2.22,1.25
2014.05.12 18:55:15.967,0.83129,0.83145,1.72,1.19
2014.05.12 18:55:17.172,0.83127,0.83144,5.14,1.19
2014.05.12 18:55:19.685,0.83127,0.83144,2.82,1.19
2014.05.12 18:55:22.446,0.83129,0.83144,2.82,1.19
2014.05.12 18:55:24.098,0.83129,0.83143,2.89,1.19
2014.05.12 18:55:26.503,0.83129,0.83143,2.70,1.25
2014.05.12 18:55:29.115,0.83129,0.83142,2.33,1.19
2014.05.12 18:55:31.021,0.83129,0.83142,2.89,1.25
2014.05.12 18:55:39.184,0.83129,0.83143,2.70,1.25
2014.05.12 18:55:40.750,0.83129,0.83142,2.70,2.44
2014.05.12 18:55:42.654,0.83129,0.83144,2.70,1.19
2014.05.12 18:55:43.510,0.83128,0.83144,2.70,1.19
2014.05.12 18:55:46.564,0.83128,0.83143,2.89,2.44
2014.05.12 18:55:47.268,0.83128,0.83144,3.64,1.19
2014.05.12 18:55:50.078,0.83128,0.83144,2.89,1.25
2014.05.12 18:55:51.183,0.83128,0.83143,2.89,1.25
2014.05.12 18:55:52.686,0.83128,0.83145,2.89,1.19
2014.05.12 18:55:59.911,0.83128,0.83144,3.64,1.19
2014.05.12 18:56:02.259,0.83129,0.83145,1.47,1.19
2014.05.12 18:56:10.045,0.83131,0.83146,1.53,1.19
2014.05.12 18:56:15.760,0.83131,0.83145,1.53,1.19
2014.05.12 18:56:25.885,0.83131,0.83146,1.53,1.19
2014.05.12 18:56:29.596,0.83131,0.83144,1.53,1.25
2014.05.12 18:56:30.801,0.83131,0.83144,1.53,1.19
2014.05.12 18:56:31.164,0.83137,0.83144,1.00,1.19
2014.05.12 18:56:35.416,0.83137,0.83145,1.00,1.19
2014.05.12 18:56:37.436,0.83132,0.83145,1.28,1.19
2014.05.12 18:56:39.040,0.83132,0.83146,1.28,1.19
2014.05.12 18:56:40.737,0.83132,0.83145,1.28,1.19
2014.05.12 18:56:43.050,0.83132,0.83146,1.28,1.19
2014.05.12 18:56:43.989,0.83132,0.83146,1.13,1.19
2014.05.12 18:56:45.094,0.83132,0.83147,1.13,1.19
2014.05.12 18:56:45.145,0.83137,0.83147,1.00,1.19
2014.05.12 18:56:46.956,0.83137,0.83145,1.00,1.25
2014.05.12 18:56:50.872,0.83137,0.83146,1.00,1.19
2014.05.12 18:56:51.880,0.83137,0.83147,1.00,1.19
2014.05.12 18:56:53.284,0.83137,0.83148,1.00,1.54
2014.05.12 18:56:55.324,0.83137,0.83148,1.00,1.05
2014.05.12 18:56:55.375,0.83131,0.83148,1.78,1.05
2014.05.12 18:56:55.425,0.83131,0.83147,1.72,1.19
2014.05.12 18:56:56.424,0.83131,0.83146,1.78,1.19
2014.05.12 18:56:58.384,0.83136,0.83146,1.00,1.19
2014.05.12 18:56:58.604,0.83131,0.83146,1.72,1.19
2014.05.12 18:56:58.844,0.83131,0.83147,1.72,1.25
2014.05.12 18:57:01.014,0.83131,0.83147,2.22,1.69
2014.05.12 18:57:03.669,0.83135,0.83147,1.19,1.00
2014.05.12 18:57:03.769,0.83135,0.83151,1.19,1.84
2014.05.12 18:57:05.634,0.83134,0.83151,1.67,1.37
2014.05.12 18:57:06.540,0.83134,0.83151,1.67,1.39
2014.05.12 18:57:08.643,0.83134,0.8315,1.67,1.19
2014.05.12 18:57:10.650,0.83133,0.83151,1.74,1.77
2014.05.12 18:57:11.386,0.83132,0.83149,1.72,1.19
2014.05.12 18:57:14.965,0.83133,0.83149,1.74,1.25
2014.05.12 18:57:16.384,0.83132,0.83149,1.72,1.00
2014.05.12 18:57:18.776,0.83131,0.83149,2.22,1.69
2014.05.12 18:57:19.824,0.83131,0.83149,2.22,1.69
2014.05.12 18:57:21.384,0.83131,0.83149,1.72,1.25
2014.05.12 18:57:22.891,0.83131,0.83149,1.78,1.19
2014.05.12 18:57:27.505,0.83131,0.83149,2.22,1.19
2014.05.12 18:57:28.020,0.83131,0.83149,2.22,1.25
2014.05.12 18:57:31.709,0.83131,0.83149,4.39,1.00
2014.05.12 18:57:35.635,0.83134,0.83149,1.72,1.00
2014.05.12 18:57:36.938,0.83136,0.83149,1.39,1.00
2014.05.12 18:57:39.482,0.83137,0.83149,1.27,1.00
2014.05.12 18:57:41.053,0.83135,0.83149,2.70,1.00
2014.05.12 18:57:46.003,0.83136,0.83153,1.47,1.69
2014.05.12 18:57:46.574,0.83135,0.83153,3.64,1.19
2014.05.12 18:57:48.825,0.83136,0.83153,1.47,1.25
2014.05.12 18:57:50.292,0.83136,0.83153,1.47,1.19
2014.05.12 18:57:59.447,0.83134,0.83151,2.89,1.00
2014.05.12 18:57:59.965,0.83136,0.83151,1.47,1.00
2014.05.12 18:58:02.228,0.83136,0.83151,1.47,1.19
2014.05.12 18:58:03.633,0.83136,0.83151,1.28,1.25
2014.05.12 18:58:04.933,0.83142,0.83153,1.00,1.19
2014.05.12 18:58:06.393,0.83142,0.83153,1.00,1.19
2014.05.12 18:58:08.997,0.83142,0.83154,1.00,1.19
2014.05.12 18:58:09.542,0.83142,0.83153,1.00,1.19
2014.05.12 18:58:10.023,0.83146,0.83155,1.00,1.29
2014.05.12 18:58:12.262,0.83146,0.83152,1.00,1.19
2014.05.12 18:58:12.312,0.83137,0.83152,3.64,1.19
2014.05.12 18:58:13.106,0.83137,0.83151,3.45,1.19
2014.05.12 18:58:15.875,0.83137,0.83153,3.64,1.69
2014.05.12 18:58:20.095,0.83137,0.83152,3.45,1.19
2014.05.12 18:58:26.217,0.83137,0.83153,3.64,1.69
2014.05.12 18:58:27.110,0.83137,0.83151,3.45,1.25
2014.05.12 18:58:33.429,0.83137,0.83151,3.45,1.19
2014.05.12 18:58:35.620,0.83137,0.8315,3.45,1.19
2014.05.12 18:58:36.642,0.83137,0.83151,3.45,1.19
2014.05.12 18:58:40.155,0.83137,0.83153,3.45,1.69
2014.05.12 18:58:42.764,0.83137,0.83153,3.64,1.25
2014.05.12 18:58:44.069,0.83137,0.83153,3.45,1.69
2014.05.12 18:58:46.778,0.83137,0.83151,3.45,1.19
2014.05.12 18:58:47.927,0.83137,0.83152,3.45,1.19
2014.05.12 18:58:49.415,0.83137,0.83151,3.45,1.19
2014.05.12 18:58:51.600,0.83137,0.83152,2.89,1.19
2014.05.12 18:58:52.484,0.83138,0.83152,2.70,1.19
2014.05.12 18:58:53.336,0.83138,0.83153,2.70,1.69
2014.05.12 18:58:53.684,0.83133,0.83153,5.82,1.69
2014.05.12 18:58:54.710,0.83137,0.83151,1.53,1.19
2014.05.12 18:58:56.770,0.83136,0.83151,2.70,1.19
2014.05.12 18:58:57.334,0.83137,0.83151,2.70,1.19
2014.05.12 18:58:59.472,0.83133,0.83151,5.82,1.19
2014.05.12 18:58:59.591,0.83133,0.83151,1.47,2.44
2014.05.12 18:58:59.643,0.83131,0.8315,1.72,1.19
2014.05.12 18:59:00.223,0.83132,0.8315,5.07,1.19
2014.05.12 18:59:00.273,0.83136,0.83152,1.72,1.00
2014.05.12 18:59:00.324,0.83136,0.83152,1.72,1.00
2014.05.12 18:59:00.859,0.83136,0.83154,1.72,3.04
2014.05.12 18:59:01.022,0.83136,0.83154,1.72,3.19
2014.05.12 18:59:01.335,0.83136,0.83152,1.72,1.19
2014.05.12 18:59:01.842,0.83135,0.83152,1.72,1.69
2014.05.12 18:59:02.447,0.83135,0.83152,1.74,1.29
2014.05.12 18:59:03.162,0.83135,0.83153,3.64,1.19
2014.05.12 18:59:03.364,0.83136,0.83152,1.58,1.19
2014.05.12 18:59:03.727,0.83136,0.83152,3.08,1.19
2014.05.12 18:59:04.251,0.83136,0.83152,6.57,1.19
2014.05.12 18:59:04.777,0.83137,0.83153,1.47,1.69
2014.05.12 18:59:05.475,0.83139,0.83155,1.47,1.19
2014.05.12 18:59:06.703,0.83141,0.83157,1.84,1.19
2014.05.12 18:59:07.916,0.83141,0.83159,1.84,1.47
2014.05.12 18:59:09.175,0.83141,0.83159,2.22,1.19
2014.05.12 18:59:09.827,0.83146,0.83161,1.00,1.32
2014.05.12 18:59:10.172,0.83146,0.83161,1.15,1.32
2014.05.12 18:59:13.294,0.83146,0.83162,1.40,1.19
2014.05.12 18:59:17.014,0.83146,0.83161,1.28,1.19
2014.05.12 18:59:20.148,0.83146,0.83162,1.47,1.19
2014.05.12 18:59:21.234,0.83146,0.8316,1.47,1.19
2014.05.12 18:59:23.041,0.83146,0.83159,1.28,1.19
2014.05.12 18:59:24.348,0.83146,0.83161,1.28,1.19
2014.05.12 18:59:26.456,0.83146,0.83161,1.47,1.19
2014.05.12 18:59:28.665,0.83146,0.83162,1.47,1.19
2014.05.12 18:59:30.365,0.83146,0.83162,1.40,1.19
2014.05.12 18:59:35.092,0.83146,0.83163,1.34,1.19
2014.05.12 18:59:35.323,0.83146,0.83163,1.34,1.19
2014.05.12 18:59:37.302,0.83147,0.83163,1.34,1.19
2014.05.12 18:59:38.706,0.83146,0.83163,1.47,1.19
2014.05.12 18:59:42.362,0.83152,0.83163,1.00,1.19
2014.05.12 18:59:42.911,0.83147,0.83163,1.34,1.25
2014.05.12 18:59:43.792,0.83151,0.83164,1.00,1.32
2014.05.12 18:59:46.636,0.83151,0.83163,1.00,1.19
2014.05.12 18:59:47.647,0.83151,0.83163,1.08,1.19
2014.05.12 18:59:48.273,0.83151,0.83164,1.15,1.32
2014.05.12 18:59:48.383,0.83151,0.83162,1.15,2.44
2014.05.12 18:59:51.571,0.83151,0.8316,1.08,1.19
2014.05.12 18:59:51.673,0.83147,0.8316,1.65,1.19
2014.05.12 18:59:52.065,0.83147,0.8316,1.00,1.19
2014.05.12 18:59:52.770,0.83147,0.83158,1.00,1.19
2014.05.12 18:59:53.783,0.83147,0.83158,1.00,1.25
2014.05.12 18:59:54.994,0.83147,0.83158,1.08,2.44
2014.05.12 18:59:55.297,0.83148,0.83159,2.33,1.25
2014.05.12 18:59:55.347,0.83147,0.83159,1.15,1.25
2014.05.12 18:59:56.071,0.83143,0.83159,5.14,1.69
2014.05.12 18:59:56.294,0.83143,0.83158,2.22,1.19
2014.05.12 18:59:57.408,0.83143,0.83158,2.22,1.25
2014.05.12 18:59:58.405,0.83143,0.83158,2.22,1.19
2014.05.12 18:59:58.916,0.83147,0.83161,1.08,1.19
