2010.04.21 12:00:07.469,0.9963,0.9965,2.40,2.40
2010.04.21 12:00:08.779,0.9962,0.9965,2.40,2.40
2010.04.21 12:00:09.688,0.9962,0.9966,2.40,2.40
2010.04.21 12:00:11.308,0.9963,0.9966,2.40,2.40
2010.04.21 12:00:11.599,0.9962,0.9966,2.40,2.40
2010.04.21 12:00:12.155,0.9963,0.9966,2.40,2.40
2010.04.21 12:00:12.488,0.9962,0.9965,2.40,2.40
2010.04.21 12:00:13.181,0.9962,0.9966,2.40,2.40
2010.04.21 12:00:14.119,0.9962,0.9965,2.40,2.40
2010.04.21 12:00:16.977,0.9963,0.9966,2.40,2.40
2010.04.21 12:00:18.516,0.9962,0.9965,2.40,2.40
2010.04.21 12:00:21.956,0.9962,0.9966,2.40,2.40
2010.04.21 12:00:22.116,0.9962,0.9965,2.40,2.40
2010.04.21 12:00:22.760,0.9963,0.9966,2.40,2.40
2010.04.21 12:00:25.925,0.9962,0.9966,2.40,2.40
2010.04.21 12:00:26.135,0.9963,0.9966,2.40,2.40
2010.04.21 12:00:29.094,0.9963,0.9967,2.40,2.40
2010.04.21 12:00:31.408,0.9963,0.9966,2.40,2.40
2010.04.21 12:00:36.263,0.9964,0.9967,2.40,2.40
2010.04.21 12:00:37.122,0.9963,0.9966,2.40,2.40
2010.04.21 12:00:40.902,0.9962,0.9965,2.40,2.40
2010.04.21 12:00:42.231,0.9962,0.9966,2.40,2.40
2010.04.21 12:00:42.461,0.9963,0.9966,2.40,2.40
2010.04.21 12:00:46.750,0.9962,0.9966,2.40,2.40
2010.04.21 12:00:46.990,0.9962,0.9965,2.40,2.40
2010.04.21 12:00:47.189,0.9962,0.9966,2.40,2.40
2010.04.21 12:00:52.678,0.9963,0.9966,2.40,2.40
2010.04.21 12:00:54.348,0.9962,0.9966,2.40,2.40
2010.04.21 12:00:54.955,0.9963,0.9966,2.40,2.40
2010.04.21 12:00:55.292,0.9962,0.9965,2.40,2.40
2010.04.21 12:00:56.807,0.9961,0.9965,2.40,2.40
2010.04.21 12:01:00.981,0.9962,0.9965,2.40,2.40
2010.04.21 12:01:01.317,0.9962,0.9966,2.40,2.40
2010.04.21 12:01:02.466,0.9963,0.9966,2.40,2.40
2010.04.21 12:01:04.615,0.9962,0.9966,2.40,2.40
2010.04.21 12:01:07.765,0.9963,0.9966,2.40,2.40
2010.04.21 12:01:08.104,0.9962,0.9966,2.40,2.40
2010.04.21 12:01:08.906,0.9963,0.9966,2.40,2.40
2010.04.21 12:01:09.455,0.9962,0.9965,2.40,2.40
2010.04.21 12:01:10.385,0.9963,0.9966,2.40,2.40
2010.04.21 12:01:15.142,0.9962,0.9965,2.40,2.40
2010.04.21 12:01:19.442,0.9963,0.9966,2.40,2.40
2010.04.21 12:01:20.671,0.9964,0.9967,2.40,2.40
2010.04.21 12:01:21.588,0.9963,0.9966,2.40,2.40
2010.04.21 12:01:21.922,0.9963,0.9967,2.40,2.40
2010.04.21 12:01:23.200,0.9963,0.9966,2.40,2.40
2010.04.21 12:01:28.372,0.9963,0.9967,2.40,2.40
2010.04.21 12:01:28.612,0.9963,0.9966,2.40,2.40
2010.04.21 12:01:29.139,0.9964,0.9967,2.40,2.40
2010.04.21 12:01:31.780,0.9962,0.9966,2.40,2.40
2010.04.21 12:01:32.119,0.9962,0.9965,2.40,2.40
2010.04.21 12:01:33.338,0.9962,0.9966,2.40,2.40
2010.04.21 12:01:41.707,0.9963,0.9966,2.40,2.40
2010.04.21 12:01:42.026,0.9963,0.9967,2.40,2.40
2010.04.21 12:01:42.347,0.9963,0.9966,2.40,2.40
2010.04.21 12:01:43.186,0.9962,0.9966,2.40,2.40
2010.04.21 12:01:46.215,0.9963,0.9966,2.40,2.40
2010.04.21 12:01:47.985,0.9964,0.9967,2.40,2.40
2010.04.21 12:01:48.215,0.9963,0.9966,2.40,2.40
2010.04.21 12:01:52.834,0.9962,0.9966,2.40,2.40
2010.04.21 12:01:56.623,0.9963,0.9966,2.40,2.40
2010.04.21 12:01:57.432,0.9964,0.9967,2.40,2.40
2010.04.21 12:01:59.022,0.9963,0.9967,2.40,2.40
2010.04.21 12:01:59.252,0.9964,0.9968,2.40,2.40
2010.04.21 12:01:59.713,0.9964,0.9967,2.40,2.40
2010.04.21 12:02:00.464,0.9964,0.9968,2.40,2.40
2010.04.21 12:02:00.803,0.9965,0.9968,2.40,2.40
2010.04.21 12:02:08.840,0.9966,0.9969,2.40,2.40
2010.04.21 12:02:11.379,0.9965,0.9968,2.40,2.40
2010.04.21 12:02:17.089,0.9965,0.9969,2.40,2.40
2010.04.21 12:02:17.207,0.9965,0.9968,2.40,2.40
2010.04.21 12:02:18.047,0.9965,0.9969,2.40,2.40
2010.04.21 12:02:21.527,0.9964,0.9968,2.40,2.40
2010.04.21 12:02:26.186,0.9964,0.9967,2.40,2.40
2010.04.21 12:02:33.844,0.9965,0.9968,2.40,2.40
2010.04.21 12:02:36.211,0.9966,0.9969,2.40,2.40
2010.04.21 12:02:38.462,0.9965,0.9968,2.40,2.40
2010.04.21 12:02:44.361,0.9966,0.9969,2.40,2.40
2010.04.21 12:02:47.281,0.9965,0.9968,2.40,2.40
2010.04.21 12:02:49.051,0.9964,0.9968,2.40,2.40
2010.04.21 12:02:51.160,0.9965,0.9968,2.40,2.40
2010.04.21 12:02:57.212,0.9965,0.9969,2.40,2.40
2010.04.21 12:02:58.158,0.9965,0.9968,2.40,2.40
2010.04.21 12:03:04.342,0.9965,0.9969,2.40,2.40
2010.04.21 12:03:08.259,0.9966,0.997,2.40,2.40
2010.04.21 12:03:08.466,0.9966,0.9969,2.40,2.40
2010.04.21 12:03:09.347,0.9965,0.9968,2.40,2.40
2010.04.21 12:03:10.025,0.9965,0.9969,2.40,2.40
2010.04.21 12:03:28.237,0.9965,0.9968,2.40,2.40
2010.04.21 12:03:28.922,0.9966,0.997,2.40,2.40
2010.04.21 12:03:30.360,0.9966,0.9969,2.40,2.40
2010.04.21 12:03:30.690,0.9965,0.9969,2.40,2.40
2010.04.21 12:03:32.110,0.9966,0.997,2.40,2.40
2010.04.21 12:03:32.893,0.9965,0.9969,2.40,2.40
2010.04.21 12:03:34.146,0.9966,0.9969,2.40,2.40
2010.04.21 12:03:42.579,0.9967,0.997,2.40,2.40
2010.04.21 12:03:54.005,0.9966,0.997,2.40,2.40
2010.04.21 12:03:54.912,0.9967,0.9971,2.40,2.40
2010.04.21 12:03:55.175,0.9967,0.997,2.40,2.40
2010.04.21 12:03:55.444,0.9967,0.9971,2.40,2.40
2010.04.21 12:03:59.964,0.9968,0.9972,2.40,2.40
2010.04.21 12:04:01.623,0.9969,0.9972,2.40,2.40
2010.04.21 12:04:01.963,0.9968,0.9972,2.40,2.40
2010.04.21 12:04:02.273,0.9968,0.9971,2.40,2.40
2010.04.21 12:04:03.083,0.9968,0.9972,2.40,2.40
2010.04.21 12:04:05.862,0.9968,0.9972,1.60,2.40
2010.04.21 12:04:06.132,0.9968,0.9971,1.60,2.40
2010.04.21 12:04:06.401,0.9968,0.9971,2.40,2.40
2010.04.21 12:04:06.671,0.9968,0.9972,2.40,2.40
2010.04.21 12:04:07.552,0.9968,0.9971,2.40,2.40
2010.04.21 12:04:07.891,0.9967,0.9971,2.40,2.40
2010.04.21 12:04:08.411,0.9968,0.9971,2.40,2.40
2010.04.21 12:04:09.119,0.9968,0.9972,2.40,2.40
2010.04.21 12:04:09.341,0.9969,0.9972,2.40,2.40
2010.04.21 12:04:09.571,0.9968,0.9972,2.40,2.40
2010.04.21 12:04:09.801,0.9968,0.9971,2.40,2.40
2010.04.21 12:04:12.151,0.9968,0.9972,2.40,2.40
2010.04.21 12:04:13.404,0.9969,0.9972,2.40,2.40
2010.04.21 12:04:13.741,0.9968,0.9971,2.40,2.40
2010.04.21 12:04:15.020,0.9967,0.997,2.40,2.40
2010.04.21 12:04:20.019,0.9966,0.9969,2.40,2.40
2010.04.21 12:04:20.797,0.9967,0.997,2.40,2.40
2010.04.21 12:04:21.079,0.9966,0.9969,2.40,2.40
2010.04.21 12:04:22.989,0.9966,0.9971,2.40,2.40
2010.04.21 12:04:23.570,0.9968,0.9971,2.40,2.40
2010.04.21 12:04:23.910,0.9967,0.997,2.40,2.40
2010.04.21 12:04:25.127,0.9967,0.9971,2.40,2.40
2010.04.21 12:04:28.346,0.9968,0.9971,2.40,2.40
2010.04.21 12:04:36.680,0.9968,0.9972,2.40,2.40
2010.04.21 12:04:37.244,0.9969,0.9972,2.40,2.40
2010.04.21 12:04:41.630,0.997,0.9973,2.40,2.40
2010.04.21 12:04:47.553,0.9969,0.9972,2.40,2.40
2010.04.21 12:04:48.391,0.9968,0.9972,2.40,2.40
2010.04.21 12:04:48.671,0.9969,0.9972,2.40,2.40
2010.04.21 12:04:49.872,0.9968,0.9972,2.40,2.40
2010.04.21 12:04:51.173,0.997,0.9973,2.40,2.40
2010.04.21 12:04:53.591,0.9969,0.9972,2.40,2.40
2010.04.21 12:04:54.010,0.9968,0.9971,2.40,2.40
2010.04.21 12:04:58.414,0.9968,0.9972,2.40,2.40
2010.04.21 12:04:58.549,0.9969,0.9972,2.40,2.40
2010.04.21 12:05:10.506,0.9968,0.9971,2.40,2.40
2010.04.21 12:05:10.656,0.9968,0.9972,2.40,2.40
2010.04.21 12:05:10.956,0.9968,0.9971,2.40,2.40
2010.04.21 12:05:11.946,0.9968,0.9972,2.40,2.40
2010.04.21 12:05:12.285,0.9969,0.9972,2.40,2.40
2010.04.21 12:05:14.016,0.9968,0.9971,2.40,2.40
2010.04.21 12:05:17.425,0.9967,0.9971,2.40,2.40
2010.04.21 12:05:17.764,0.9968,0.9972,2.40,2.40
2010.04.21 12:05:20.941,0.9969,0.9972,2.40,2.40
2010.04.21 12:05:21.034,0.9968,0.9972,2.40,2.40
2010.04.21 12:05:21.373,0.9968,0.9971,2.40,2.40
2010.04.21 12:05:22.294,0.9967,0.9971,2.40,2.40
2010.04.21 12:05:28.022,0.9968,0.9971,2.40,2.40
2010.04.21 12:05:28.332,0.9969,0.9972,2.40,2.40
2010.04.21 12:05:29.247,0.9968,0.9972,2.40,2.40
2010.04.21 12:05:30.341,0.9969,0.9972,2.40,2.40
2010.04.21 12:05:34.080,0.9968,0.9972,2.40,2.40
2010.04.21 12:05:38.428,0.9968,0.9971,2.40,2.40
2010.04.21 12:05:40.798,0.9967,0.9971,2.40,2.40
2010.04.21 12:05:41.239,0.9968,0.9971,2.40,2.40
2010.04.21 12:05:43.555,0.9968,0.9972,2.40,2.40
2010.04.21 12:05:43.906,0.9968,0.9971,2.40,2.40
2010.04.21 12:05:45.454,0.9969,0.9972,2.40,2.40
2010.04.21 12:05:45.738,0.9969,0.9973,2.40,2.40
2010.04.21 12:05:47.388,0.9969,0.9972,2.40,2.40
2010.04.21 12:05:51.565,0.9969,0.9973,2.40,2.40
2010.04.21 12:05:51.978,0.9969,0.9972,2.40,2.40
2010.04.21 12:05:54.869,0.9969,0.9973,2.40,2.40
2010.04.21 12:05:55.486,0.9969,0.9972,2.40,2.40
2010.04.21 12:05:56.613,0.9968,0.9972,2.40,2.40
2010.04.21 12:06:00.204,0.9969,0.9972,2.40,2.40
2010.04.21 12:06:00.484,0.9968,0.9972,2.40,2.40
2010.04.21 12:06:02.773,0.9968,0.9971,2.40,2.40
2010.04.21 12:06:02.943,0.9968,0.9972,2.40,2.40
2010.04.21 12:06:03.982,0.9969,0.9972,2.40,2.40
2010.04.21 12:06:04.322,0.9968,0.9972,2.40,2.40
2010.04.21 12:06:06.622,0.9968,0.9971,2.40,2.40
2010.04.21 12:06:10.191,0.9968,0.9972,2.40,2.40
2010.04.21 12:06:20.417,0.9968,0.9971,2.40,2.40
2010.04.21 12:06:20.612,0.9968,0.9972,2.40,2.40
2010.04.21 12:06:21.800,0.9968,0.9971,2.40,2.40
2010.04.21 12:06:22.009,0.9968,0.9972,2.40,2.40
2010.04.21 12:06:23.678,0.9969,0.9972,2.40,2.40
2010.04.21 12:06:23.918,0.9969,0.9973,2.40,2.40
2010.04.21 12:06:24.467,0.9968,0.9972,2.40,2.40
2010.04.21 12:06:24.800,0.9969,0.9973,2.40,2.40
2010.04.21 12:06:28.187,0.9968,0.9972,2.40,2.40
2010.04.21 12:06:32.146,0.9969,0.9972,2.40,2.40
2010.04.21 12:06:32.416,0.9969,0.9973,2.40,2.40
2010.04.21 12:06:33.257,0.9969,0.9972,2.40,2.40
2010.04.21 12:06:39.218,0.9968,0.9972,2.40,2.40
2010.04.21 12:06:40.007,0.9969,0.9972,2.40,2.40
2010.04.21 12:06:59.390,0.9968,0.9971,2.40,2.40
2010.04.21 12:07:01.101,0.9967,0.9971,2.40,2.40
2010.04.21 12:07:04.978,0.9968,0.9971,2.40,2.40
2010.04.21 12:07:06.098,0.9967,0.9971,2.40,2.40
2010.04.21 12:07:07.798,0.9968,0.9971,2.40,2.40
2010.04.21 12:07:09.708,0.9967,0.997,2.40,2.40
2010.04.21 12:07:13.323,0.9968,0.9971,2.40,2.40
2010.04.21 12:07:18.445,0.9967,0.997,2.40,2.40
2010.04.21 12:07:21.625,0.9966,0.9969,2.40,2.40
2010.04.21 12:07:22.545,0.9967,0.997,2.40,2.40
2010.04.21 12:07:24.254,0.9968,0.9971,2.40,2.40
2010.04.21 12:07:24.594,0.9967,0.997,2.40,2.40
2010.04.21 12:07:29.623,0.9968,0.9971,2.40,2.40
2010.04.21 12:07:34.781,0.9967,0.997,2.40,2.40
2010.04.21 12:07:42.841,0.9967,0.9971,2.40,2.40
2010.04.21 12:07:44.190,0.9967,0.997,2.40,2.40
2010.04.21 12:07:46.389,0.9968,0.9971,2.40,2.40
2010.04.21 12:07:51.647,0.9967,0.997,2.40,2.40
2010.04.21 12:07:53.777,0.9968,0.9971,2.40,2.40
2010.04.21 12:07:54.301,0.9967,0.997,2.40,2.40
2010.04.21 12:07:55.276,0.9967,0.9971,2.40,2.40
2010.04.21 12:07:56.246,0.9968,0.9971,2.40,2.40
2010.04.21 12:07:57.447,0.9967,0.9971,2.40,2.40
2010.04.21 12:07:57.778,0.9967,0.997,2.40,2.40
2010.04.21 12:08:07.945,0.9968,0.9971,2.40,2.40
2010.04.21 12:08:12.583,0.9967,0.997,2.40,2.40
2010.04.21 12:08:13.732,0.9967,0.9971,2.40,2.40
2010.04.21 12:08:18.621,0.9967,0.997,2.40,2.40
2010.04.21 12:08:20.291,0.9967,0.9971,2.40,2.40
2010.04.21 12:08:20.854,0.9968,0.9971,2.40,2.40
2010.04.21 12:08:20.930,0.9967,0.997,2.40,2.40
2010.04.21 12:08:24.070,0.9966,0.9969,2.40,2.40
2010.04.21 12:08:28.648,0.9967,0.997,2.40,2.40
2010.04.21 12:08:32.777,0.9966,0.9969,2.40,2.40
2010.04.21 12:08:33.067,0.9967,0.997,2.40,2.40
2010.04.21 12:08:39.199,0.9966,0.9969,2.40,2.40
2010.04.21 12:08:39.345,0.9967,0.997,2.40,2.40
2010.04.21 12:08:40.515,0.9968,0.9971,2.40,2.40
2010.04.21 12:08:42.644,0.9967,0.997,2.40,2.40
2010.04.21 12:08:43.565,0.9967,0.9971,2.40,2.40
2010.04.21 12:08:46.364,0.9967,0.997,2.40,2.40
2010.04.21 12:08:51.904,0.9967,0.9971,2.40,2.40
2010.04.21 12:08:52.263,0.9967,0.997,2.40,2.40
2010.04.21 12:08:55.617,0.9966,0.9969,2.40,2.40
2010.04.21 12:08:57.062,0.9967,0.997,2.40,2.40
2010.04.21 12:08:57.401,0.9966,0.997,2.40,2.40
2010.04.21 12:08:57.742,0.9966,0.9969,2.40,2.40
2010.04.21 12:08:58.644,0.9967,0.997,2.40,2.40
2010.04.21 12:09:00.930,0.9967,0.9971,2.40,2.40
2010.04.21 12:09:03.400,0.9967,0.997,2.40,2.40
2010.04.21 12:09:09.849,0.9967,0.9971,2.40,2.40
2010.04.21 12:09:10.668,0.9967,0.997,2.40,2.40
2010.04.21 12:09:11.538,0.9968,0.9971,2.40,2.40
2010.04.21 12:09:11.828,0.9966,0.997,2.40,2.40
2010.04.21 12:09:12.485,0.9967,0.997,2.40,2.40
2010.04.21 12:09:13.098,0.9966,0.9969,2.40,2.40
2010.04.21 12:09:15.778,0.9966,0.997,2.40,2.40
2010.04.21 12:09:16.866,0.9967,0.997,2.40,2.40
2010.04.21 12:09:17.215,0.9966,0.9969,2.40,2.40
2010.04.21 12:09:24.755,0.9966,0.997,2.40,2.40
2010.04.21 12:09:25.724,0.9967,0.997,2.40,2.40
2010.04.21 12:09:27.017,0.9966,0.997,2.40,2.40
2010.04.21 12:09:27.694,0.9967,0.997,2.40,2.40
2010.04.21 12:09:28.514,0.9966,0.9969,2.40,2.40
2010.04.21 12:09:28.814,0.9966,0.997,2.40,2.40
2010.04.21 12:09:29.113,0.9966,0.9969,2.40,2.40
2010.04.21 12:09:29.714,0.9967,0.997,2.40,2.40
2010.04.21 12:09:30.763,0.9967,0.9971,2.40,2.40
2010.04.21 12:09:31.485,0.9967,0.997,2.40,2.40
2010.04.21 12:09:31.824,0.9966,0.997,2.40,2.40
2010.04.21 12:09:32.163,0.9967,0.997,2.40,2.40
2010.04.21 12:09:34.280,0.9966,0.997,2.40,2.40
2010.04.21 12:09:34.978,0.9967,0.997,2.40,2.40
2010.04.21 12:09:40.031,0.9966,0.997,2.40,2.40
2010.04.21 12:09:41.022,0.9967,0.997,2.40,2.40
2010.04.21 12:09:48.709,0.9966,0.997,2.40,2.40
2010.04.21 12:09:49.537,0.9967,0.997,2.40,2.40
2010.04.21 12:09:54.119,0.9966,0.997,2.40,2.40
2010.04.21 12:10:03.146,0.9967,0.997,2.40,2.40
2010.04.21 12:10:05.160,0.9966,0.997,2.40,2.40
2010.04.21 12:10:05.625,0.9967,0.997,2.40,2.40
2010.04.21 12:10:08.185,0.9966,0.9969,2.40,2.40
2010.04.21 12:10:13.703,0.9965,0.9969,2.40,2.40
2010.04.21 12:10:13.943,0.9966,0.9969,2.40,2.40
2010.04.21 12:10:16.033,0.9965,0.9969,2.40,2.40
2010.04.21 12:10:19.341,0.9966,0.9969,2.40,2.40
2010.04.21 12:10:24.777,0.9965,0.9968,2.40,2.40
2010.04.21 12:10:24.910,0.9966,0.9969,2.40,2.40
2010.04.21 12:10:30.081,0.9965,0.9969,2.40,2.40
2010.04.21 12:10:30.309,0.9965,0.9968,2.40,2.40
2010.04.21 12:10:30.540,0.9965,0.9969,2.40,2.40
2010.04.21 12:10:33.460,0.9966,0.997,2.40,2.40
2010.04.21 12:10:34.867,0.9966,0.9969,2.40,2.40
2010.04.21 12:10:55.133,0.9965,0.9968,2.40,2.40
2010.04.21 12:11:02.521,0.9964,0.9967,2.40,2.40
2010.04.21 12:11:04.980,0.9965,0.9968,2.40,2.40
2010.04.21 12:11:06.430,0.9966,0.9969,2.40,2.40
2010.04.21 12:11:07.580,0.9965,0.9968,2.40,2.40
2010.04.21 12:11:16.169,0.9964,0.9967,2.40,2.40
2010.04.21 12:11:17.677,0.9965,0.9968,2.40,2.40
2010.04.21 12:11:19.007,0.9964,0.9968,2.40,2.40
2010.04.21 12:11:19.317,0.9965,0.9968,2.40,2.40
2010.04.21 12:11:26.707,0.9964,0.9967,2.40,2.40
2010.04.21 12:11:27.375,0.9965,0.9968,2.40,2.40
2010.04.21 12:11:30.244,0.9964,0.9967,2.40,2.40
2010.04.21 12:11:34.353,0.9965,0.9968,2.40,2.40
2010.04.21 12:11:35.384,0.9964,0.9967,2.40,2.40
2010.04.21 12:11:35.699,0.9964,0.9968,2.40,2.40
2010.04.21 12:11:36.436,0.9965,0.9968,2.40,2.40
2010.04.21 12:11:36.754,0.9964,0.9967,2.40,2.40
2010.04.21 12:11:38.393,0.9965,0.9968,2.40,2.40
2010.04.21 12:11:41.182,0.9964,0.9968,2.40,2.40
2010.04.21 12:11:41.472,0.9964,0.9967,2.40,2.40
2010.04.21 12:11:42.259,0.9964,0.9968,2.40,2.40
2010.04.21 12:11:42.872,0.9964,0.9967,2.40,2.40
2010.04.21 12:11:48.261,0.9963,0.9966,2.40,2.40
2010.04.21 12:11:49.880,0.9964,0.9967,2.40,2.40
2010.04.21 12:11:50.170,0.9963,0.9966,2.40,2.40
2010.04.21 12:11:51.307,0.9964,0.9967,2.40,2.40
2010.04.21 12:11:53.480,0.9963,0.9966,2.40,2.40
2010.04.21 12:11:53.821,0.9963,0.9967,2.40,2.40
2010.04.21 12:11:54.573,0.9964,0.9967,2.40,2.40
2010.04.21 12:11:56.248,0.9963,0.9966,2.40,2.40
2010.04.21 12:11:57.479,0.9963,0.9967,2.40,2.40
2010.04.21 12:11:57.790,0.9964,0.9967,2.40,2.40
2010.04.21 12:11:58.949,0.9963,0.9966,2.40,2.40
2010.04.21 12:12:00.478,0.9965,0.9968,2.40,2.40
2010.04.21 12:12:00.818,0.9964,0.9968,2.40,2.40
2010.04.21 12:12:07.935,0.9965,0.9968,2.40,2.40
2010.04.21 12:12:09.376,0.9964,0.9967,2.40,2.40
2010.04.21 12:12:12.104,0.9963,0.9966,2.40,2.40
2010.04.21 12:12:16.034,0.9962,0.9965,2.40,2.40
2010.04.21 12:12:16.123,0.9963,0.9966,2.40,2.40
2010.04.21 12:12:18.413,0.9963,0.9967,2.40,2.40
2010.04.21 12:12:21.692,0.9964,0.9967,2.40,2.40
2010.04.21 12:12:23.122,0.9963,0.9967,2.40,2.40
2010.04.21 12:12:25.371,0.9964,0.9967,2.40,2.40
2010.04.21 12:12:28.751,0.9964,0.9968,2.40,2.40
2010.04.21 12:12:28.970,0.9964,0.9967,2.40,2.40
2010.04.21 12:12:30.300,0.9963,0.9967,2.40,2.40
2010.04.21 12:12:30.620,0.9964,0.9968,2.40,2.40
2010.04.21 12:12:30.940,0.9963,0.9967,2.40,2.40
2010.04.21 12:12:33.810,0.9964,0.9967,2.40,2.40
2010.04.21 12:12:34.789,0.9963,0.9967,2.40,2.40
2010.04.21 12:12:36.219,0.9963,0.9966,2.40,2.40
2010.04.21 12:12:38.863,0.9963,0.9967,2.40,2.40
2010.04.21 12:12:39.051,0.9964,0.9967,2.40,2.40
2010.04.21 12:12:40.980,0.9964,0.9968,2.40,2.40
2010.04.21 12:12:44.397,0.9964,0.9967,2.40,2.40
2010.04.21 12:12:48.466,0.9963,0.9967,2.40,2.40
2010.04.21 12:12:49.237,0.9964,0.9968,2.40,2.40
2010.04.21 12:12:52.896,0.9965,0.9968,2.40,2.40
2010.04.21 12:12:53.545,0.9964,0.9968,2.40,2.40
2010.04.21 12:12:54.034,0.9964,0.9967,2.40,2.40
2010.04.21 12:12:58.233,0.9963,0.9967,2.40,2.40
2010.04.21 12:12:59.115,0.9964,0.9967,2.40,2.40
2010.04.21 12:12:59.493,0.9963,0.9967,2.40,2.40
2010.04.21 12:13:00.584,0.9964,0.9967,2.40,2.40
2010.04.21 12:13:08.001,0.9964,0.9968,2.40,2.40
2010.04.21 12:13:15.810,0.9965,0.9968,2.40,2.40
2010.04.21 12:13:17.619,0.9964,0.9967,2.40,2.40
2010.04.21 12:13:22.817,0.9963,0.9966,2.40,2.40
2010.04.21 12:13:23.528,0.9964,0.9967,2.40,2.40
2010.04.21 12:13:25.857,0.9963,0.9966,2.40,2.40
2010.04.21 12:13:26.458,0.9963,0.9967,2.40,2.40
2010.04.21 12:13:28.386,0.9964,0.9967,2.40,2.40
2010.04.21 12:13:30.276,0.9963,0.9966,2.40,2.40
2010.04.21 12:13:31.238,0.9963,0.9967,2.40,2.40
2010.04.21 12:13:31.566,0.9963,0.9966,2.40,2.40
2010.04.21 12:13:31.905,0.9963,0.9967,2.40,2.40
2010.04.21 12:13:32.785,0.9964,0.9967,2.40,2.40
2010.04.21 12:13:40.764,0.9963,0.9967,2.40,2.40
2010.04.21 12:13:41.105,0.9963,0.9966,2.40,2.40
2010.04.21 12:13:41.955,0.9963,0.9967,2.40,2.40
2010.04.21 12:13:49.281,0.9964,0.9967,2.40,2.40
2010.04.21 12:13:49.501,0.9963,0.9966,2.40,2.40
2010.04.21 12:13:50.791,0.9963,0.9967,2.40,2.40
2010.04.21 12:13:53.560,0.9964,0.9967,2.40,2.40
2010.04.21 12:13:59.320,0.9963,0.9966,2.40,2.40
2010.04.21 12:14:06.288,0.9963,0.9967,2.40,2.40
2010.04.21 12:14:12.486,0.9963,0.9966,2.40,2.40
2010.04.21 12:14:18.594,0.9962,0.9965,2.40,2.40
2010.04.21 12:14:21.535,0.9963,0.9966,2.40,2.40
2010.04.21 12:14:22.103,0.9961,0.9964,2.40,2.40
2010.04.21 12:14:22.924,0.9961,0.9965,2.40,2.40
2010.04.21 12:14:30.616,0.996,0.9964,2.40,2.40
2010.04.21 12:14:32.526,0.996,0.9963,2.40,2.40
2010.04.21 12:14:32.862,0.9959,0.9963,2.40,2.40
2010.04.21 12:14:33.468,0.996,0.9963,2.40,2.40
2010.04.21 12:14:34.950,0.996,0.9964,2.40,2.40
2010.04.21 12:14:37.240,0.996,0.9963,2.40,2.40
2010.04.21 12:14:38.919,0.9959,0.9962,2.40,2.40
2010.04.21 12:14:45.960,0.9958,0.9961,2.40,2.40
2010.04.21 12:14:47.228,0.9959,0.9962,2.40,2.40
2010.04.21 12:14:54.176,0.9958,0.9961,2.40,2.40
2010.04.21 12:14:57.242,0.9957,0.996,2.40,2.40
2010.04.21 12:15:07.277,0.9958,0.9961,2.40,2.40
2010.04.21 12:15:07.613,0.9958,0.9962,2.40,2.40
2010.04.21 12:15:08.403,0.9958,0.9961,2.40,2.40
2010.04.21 12:15:13.011,0.9957,0.9961,2.40,2.40
2010.04.21 12:15:14.976,0.9957,0.996,2.40,2.40
2010.04.21 12:15:16.130,0.9956,0.9959,2.40,2.40
2010.04.21 12:15:16.960,0.9957,0.9961,2.40,2.40
2010.04.21 12:15:17.300,0.9958,0.9961,2.40,2.40
2010.04.21 12:15:18.590,0.9957,0.996,2.40,2.40
2010.04.21 12:15:18.882,0.9957,0.9961,2.40,2.40
2010.04.21 12:15:19.740,0.9958,0.9961,2.40,2.40
2010.04.21 12:15:20.079,0.9957,0.9961,2.40,2.40
2010.04.21 12:15:21.910,0.9958,0.9961,2.40,2.40
2010.04.21 12:15:35.635,0.9957,0.9961,2.40,2.40
2010.04.21 12:15:36.686,0.9958,0.9961,2.40,2.40
2010.04.21 12:15:37.605,0.9957,0.9961,2.40,2.40
2010.04.21 12:15:40.365,0.9957,0.996,2.40,2.40
2010.04.21 12:15:41.544,0.9956,0.996,2.40,2.40
2010.04.21 12:15:43.174,0.9955,0.9958,2.40,2.40
2010.04.21 12:15:43.444,0.9956,0.9959,2.40,2.40
2010.04.21 12:15:47.143,0.9956,0.996,2.40,2.40
2010.04.21 12:15:49.303,0.9956,0.9959,2.40,2.40
2010.04.21 12:15:49.743,0.9956,0.996,2.40,2.40
2010.04.21 12:15:49.963,0.9955,0.9958,2.40,2.40
2010.04.21 12:15:50.782,0.9956,0.9959,2.40,2.40
2010.04.21 12:16:00.640,0.9955,0.9959,2.40,2.40
2010.04.21 12:16:01.520,0.9955,0.9958,2.40,2.40
2010.04.21 12:16:04.119,0.9955,0.9959,2.40,2.40
2010.04.21 12:16:04.536,0.9955,0.9958,2.40,2.40
2010.04.21 12:16:08.937,0.9955,0.9959,2.40,2.40
2010.04.21 12:16:09.328,0.9956,0.9959,2.40,2.40
2010.04.21 12:16:10.538,0.9955,0.9959,2.40,2.40
2010.04.21 12:16:11.417,0.9955,0.9958,2.40,2.40
2010.04.21 12:16:12.917,0.9954,0.9957,2.40,2.40
2010.04.21 12:16:18.938,0.9954,0.9958,2.40,2.40
2010.04.21 12:16:19.075,0.9955,0.9958,2.40,2.40
2010.04.21 12:16:19.955,0.9954,0.9958,2.40,2.40
2010.04.21 12:16:20.275,0.9955,0.9958,2.40,2.40
2010.04.21 12:16:20.594,0.9954,0.9957,2.40,2.40
2010.04.21 12:16:32.711,0.9953,0.9957,2.40,2.40
2010.04.21 12:16:36.385,0.9954,0.9957,2.40,2.40
2010.04.21 12:16:36.632,0.9953,0.9957,2.40,2.40
2010.04.21 12:16:37.390,0.9953,0.9956,2.40,2.40
2010.04.21 12:16:43.020,0.9954,0.9957,2.40,2.40
2010.04.21 12:16:45.756,0.9953,0.9956,2.40,2.40
2010.04.21 12:16:45.849,0.9954,0.9957,2.40,2.40
2010.04.21 12:16:46.419,0.9953,0.9956,2.40,2.40
2010.04.21 12:16:54.058,0.9954,0.9957,2.40,2.40
2010.04.21 12:16:54.897,0.9953,0.9956,2.40,2.40
2010.04.21 12:16:56.976,0.9954,0.9957,2.40,2.40
2010.04.21 12:16:58.067,0.9953,0.9957,2.40,2.40
2010.04.21 12:17:00.225,0.9954,0.9957,2.40,2.40
2010.04.21 12:17:02.199,0.9953,0.9957,2.40,2.40
2010.04.21 12:17:02.844,0.9954,0.9957,2.40,2.40
2010.04.21 12:17:05.734,0.9953,0.9956,2.40,2.40
2010.04.21 12:17:09.263,0.9954,0.9957,2.40,2.40
2010.04.21 12:17:10.172,0.9953,0.9956,2.40,2.40
2010.04.21 12:17:15.882,0.9951,0.9955,2.40,2.40
2010.04.21 12:17:16.221,0.9952,0.9955,2.40,2.40
2010.04.21 12:17:18.651,0.9952,0.9956,2.40,2.40
2010.04.21 12:17:19.400,0.9953,0.9956,2.40,2.40
2010.04.21 12:17:19.536,0.9952,0.9956,2.40,2.40
2010.04.21 12:17:21.481,0.9953,0.9957,2.40,2.40
2010.04.21 12:17:22.850,0.9953,0.9956,2.40,2.40
2010.04.21 12:17:27.362,0.9952,0.9956,2.40,2.40
2010.04.21 12:17:28.988,0.9953,0.9956,2.40,2.40
2010.04.21 12:17:29.555,0.9952,0.9956,2.40,2.40
2010.04.21 12:17:33.027,0.9953,0.9956,2.40,2.40
2010.04.21 12:17:33.427,0.9952,0.9956,2.40,2.40
2010.04.21 12:17:35.428,0.9953,0.9956,2.40,2.40
2010.04.21 12:17:36.256,0.9952,0.9956,2.40,2.40
2010.04.21 12:17:37.297,0.9952,0.9955,2.40,2.40
2010.04.21 12:17:41.845,0.9952,0.9956,2.40,2.40
2010.04.21 12:17:42.355,0.9952,0.9955,2.40,2.40
2010.04.21 12:17:57.171,0.9951,0.9954,2.40,2.40
2010.04.21 12:17:57.197,0.9952,0.9955,2.40,2.40
2010.04.21 12:17:57.308,0.9951,0.9955,2.40,2.40
2010.04.21 12:18:03.690,0.9952,0.9955,2.40,2.40
2010.04.21 12:18:11.888,0.9952,0.9956,2.40,2.40
2010.04.21 12:18:14.900,0.9952,0.9955,2.40,2.40
2010.04.21 12:18:16.816,0.9952,0.9956,2.40,2.40
2010.04.21 12:18:19.548,0.9952,0.9955,2.40,2.40
2010.04.21 12:18:26.627,0.9953,0.9956,2.40,2.40
2010.04.21 12:18:28.965,0.9952,0.9955,2.40,2.40
2010.04.21 12:18:41.402,0.9953,0.9956,2.40,2.40
2010.04.21 12:18:57.258,0.9953,0.9955,2.40,2.40
2010.04.21 12:18:58.499,0.9953,0.9956,2.40,2.40
2010.04.21 12:18:58.837,0.9953,0.9955,2.40,2.40
2010.04.21 12:18:59.767,0.9953,0.9956,2.40,2.40
2010.04.21 12:19:12.948,0.9952,0.9955,2.40,2.40
2010.04.21 12:19:13.726,0.9953,0.9955,2.40,2.40
2010.04.21 12:19:14.477,0.9953,0.9956,2.40,2.40
2010.04.21 12:19:18.095,0.9953,0.9955,2.40,2.40
2010.04.21 12:19:19.438,0.9953,0.9956,2.40,2.40
2010.04.21 12:19:21.741,0.9954,0.9957,2.40,2.40
2010.04.21 12:19:47.537,0.9953,0.9956,2.40,2.40
2010.04.21 12:19:47.875,0.9954,0.9957,2.40,2.40
2010.04.21 12:19:49.100,0.9953,0.9956,2.40,2.40
2010.04.21 12:19:53.444,0.9954,0.9957,2.40,2.40
2010.04.21 12:19:57.234,0.9953,0.9956,2.40,2.40
2010.04.21 12:19:57.936,0.9954,0.9957,2.40,2.40
2010.04.21 12:20:01.175,0.9953,0.9956,2.40,2.40
2010.04.21 12:20:02.022,0.9954,0.9957,2.40,2.40
2010.04.21 12:20:17.280,0.9955,0.9958,2.40,2.40
2010.04.21 12:20:19.728,0.9955,0.9957,2.40,2.40
2010.04.21 12:20:19.918,0.9955,0.9958,2.40,2.40
2010.04.21 12:20:24.136,0.9954,0.9957,2.40,2.40
2010.04.21 12:20:24.993,0.9955,0.9958,2.40,2.40
2010.04.21 12:20:25.666,0.9954,0.9957,2.40,2.40
2010.04.21 12:20:33.917,0.9953,0.9956,2.40,2.40
2010.04.21 12:20:47.111,0.9953,0.9957,2.40,2.40
2010.04.21 12:20:48.070,0.9953,0.9956,2.40,2.40
2010.04.21 12:20:50.050,0.9953,0.9957,2.40,2.40
2010.04.21 12:20:51.110,0.9953,0.9956,2.40,2.40
2010.04.21 12:20:53.899,0.9953,0.9957,2.40,2.40
2010.04.21 12:20:54.586,0.9954,0.9957,2.40,2.40
2010.04.21 12:20:54.723,0.9953,0.9956,2.40,2.40
2010.04.21 12:20:54.869,0.9954,0.9957,2.40,2.40
2010.04.21 12:20:55.002,0.9953,0.9956,2.40,2.40
2010.04.21 12:20:55.518,0.9953,0.9957,2.40,2.40
2010.04.21 12:20:56.548,0.9953,0.9956,2.40,2.40
2010.04.21 12:20:57.468,0.9953,0.9957,2.40,2.40
2010.04.21 12:21:00.443,0.9953,0.9956,2.40,2.40
2010.04.21 12:21:00.818,0.9954,0.9957,2.40,2.40
2010.04.21 12:21:04.816,0.9954,0.9956,2.40,2.40
2010.04.21 12:21:13.874,0.9954,0.9957,2.40,2.40
2010.04.21 12:21:14.780,0.9954,0.9956,2.40,2.40
2010.04.21 12:21:16.984,0.9954,0.9957,2.40,2.40
2010.04.21 12:21:17.133,0.9954,0.9956,2.40,2.40
2010.04.21 12:21:17.283,0.9954,0.9957,2.40,2.40
2010.04.21 12:21:20.322,0.9954,0.9956,2.40,2.40
2010.04.21 12:21:21.392,0.9954,0.9957,2.40,2.40
2010.04.21 12:21:31.291,0.9953,0.9956,2.40,2.40
2010.04.21 12:21:33.999,0.9954,0.9957,2.40,2.40
2010.04.21 12:21:34.822,0.9953,0.9957,2.40,2.40
2010.04.21 12:21:35.120,0.9953,0.9956,2.40,2.40
2010.04.21 12:21:36.449,0.9954,0.9957,2.40,2.40
2010.04.21 12:21:38.368,0.9953,0.9956,2.40,2.40
2010.04.21 12:21:42.338,0.9954,0.9957,2.40,2.40
2010.04.21 12:21:46.116,0.9953,0.9956,2.40,2.40
2010.04.21 12:21:46.456,0.9954,0.9957,2.40,2.40
2010.04.21 12:21:50.016,0.9955,0.9957,2.40,2.40
2010.04.21 12:21:50.165,0.9954,0.9957,2.40,2.40
2010.04.21 12:21:50.315,0.9953,0.9956,2.40,2.40
2010.04.21 12:21:50.889,0.9954,0.9957,2.40,2.40
2010.04.21 12:21:51.036,0.9954,0.9958,2.40,2.40
2010.04.21 12:21:51.715,0.9955,0.9958,2.40,2.40
2010.04.21 12:21:54.705,0.9955,0.9957,2.40,2.40
2010.04.21 12:21:56.504,0.9954,0.9957,2.40,2.40
2010.04.21 12:22:01.723,0.9953,0.9956,2.40,2.40
2010.04.21 12:22:02.423,0.9954,0.9957,2.40,2.40
2010.04.21 12:22:07.112,0.9955,0.9958,2.40,2.40
2010.04.21 12:22:08.342,0.9954,0.9957,2.40,2.40
2010.04.21 12:22:14.940,0.9955,0.9958,2.40,2.40
2010.04.21 12:22:17.378,0.9954,0.9957,2.40,2.40
2010.04.21 12:22:24.477,0.9955,0.9958,2.40,2.40
2010.04.21 12:22:32.525,0.9954,0.9957,2.40,2.40
2010.04.21 12:22:37.475,0.9955,0.9958,2.40,2.40
2010.04.21 12:22:37.655,0.9954,0.9957,2.40,2.40
2010.04.21 12:22:55.660,0.9955,0.9958,2.40,2.40
2010.04.21 12:22:56.448,0.9954,0.9957,2.40,2.40
2010.04.21 12:23:15.515,0.9953,0.9956,2.40,2.40
2010.04.21 12:23:19.364,0.9951,0.9954,2.40,2.40
2010.04.21 12:23:20.448,0.9952,0.9954,2.40,2.40
2010.04.21 12:23:20.978,0.9952,0.9955,2.40,2.40
2010.04.21 12:23:25.902,0.9952,0.9954,2.40,2.40
2010.04.21 12:23:26.422,0.9952,0.9955,2.40,2.40
2010.04.21 12:23:48.528,0.9951,0.9954,2.40,2.40
2010.04.21 12:23:51.318,0.995,0.9953,2.40,2.40
2010.04.21 12:23:54.696,0.9951,0.9954,2.40,2.40
2010.04.21 12:23:55.120,0.995,0.9953,2.40,2.40
2010.04.21 12:23:55.405,0.9949,0.9952,2.40,2.40
2010.04.21 12:23:56.576,0.9949,0.9952,1.60,2.40
2010.04.21 12:23:58.047,0.9949,0.9952,2.40,2.40
2010.04.21 12:23:59.166,0.9949,0.9953,2.40,2.40
2010.04.21 12:24:03.713,0.9949,0.9952,2.40,2.40
2010.04.21 12:24:05.143,0.9952,0.9955,2.40,2.40
2010.04.21 12:24:05.383,0.9951,0.9954,2.40,2.40
2010.04.21 12:24:09.222,0.995,0.9954,2.40,2.40
2010.04.21 12:24:09.831,0.9951,0.9954,2.40,2.40
2010.04.21 12:24:10.612,0.995,0.9954,2.40,2.40
2010.04.21 12:24:12.041,0.9951,0.9954,2.40,2.40
2010.04.21 12:24:12.421,0.9952,0.9955,2.40,2.40
2010.04.21 12:24:14.091,0.9951,0.9954,2.40,2.40
2010.04.21 12:24:16.610,0.9951,0.9955,2.40,2.40
2010.04.21 12:24:18.575,0.9952,0.9956,2.40,2.40
2010.04.21 12:24:18.911,0.9952,0.9955,2.40,2.40
2010.04.21 12:24:19.819,0.9953,0.9956,2.40,2.40
2010.04.21 12:24:20.051,0.9952,0.9956,2.40,2.40
2010.04.21 12:24:23.319,0.9952,0.9955,2.40,2.40
2010.04.21 12:24:27.855,0.9953,0.9956,2.40,2.40
2010.04.21 12:24:28.008,0.9952,0.9955,2.40,2.40
2010.04.21 12:24:28.785,0.9952,0.9954,2.40,2.40
2010.04.21 12:24:28.952,0.9952,0.9955,2.40,2.40
2010.04.21 12:24:30.757,0.9952,0.9954,2.40,2.40
2010.04.21 12:24:37.555,0.9951,0.9954,2.40,2.40
2010.04.21 12:24:37.686,0.995,0.9953,2.40,2.40
2010.04.21 12:24:38.535,0.9951,0.9954,2.40,2.40
2010.04.21 12:24:45.014,0.995,0.9953,2.40,2.40
2010.04.21 12:24:45.335,0.9951,0.9954,2.40,2.40
2010.04.21 12:24:45.434,0.9949,0.9953,2.40,2.40
2010.04.21 12:24:45.634,0.9949,0.9952,2.40,2.40
2010.04.21 12:24:45.834,0.9949,0.9953,2.40,2.40
2010.04.21 12:24:46.593,0.9949,0.9952,2.40,2.40
2010.04.21 12:24:47.193,0.995,0.9953,2.40,2.40
2010.04.21 12:24:52.191,0.9951,0.9953,2.40,2.40
2010.04.21 12:24:52.952,0.995,0.9953,2.40,2.40
2010.04.21 12:24:59.741,0.9951,0.9954,2.40,2.40
2010.04.21 12:25:00.100,0.995,0.9953,2.40,2.40
2010.04.21 12:25:05.209,0.995,0.9952,2.40,2.40
2010.04.21 12:25:05.448,0.9951,0.9954,2.40,2.40
2010.04.21 12:25:06.218,0.995,0.9953,2.40,2.40
2010.04.21 12:25:26.244,0.9949,0.9953,2.40,2.40
2010.04.21 12:25:28.948,0.995,0.9953,2.40,2.40
2010.04.21 12:25:29.702,0.9949,0.9953,2.40,2.40
2010.04.21 12:25:30.942,0.9949,0.9952,2.40,2.40
2010.04.21 12:25:34.603,0.995,0.9953,2.40,2.40
2010.04.21 12:25:39.159,0.9951,0.9955,2.40,2.40
2010.04.21 12:25:39.700,0.9951,0.9954,2.40,2.40
2010.04.21 12:25:41.193,0.9952,0.9955,2.40,2.40
2010.04.21 12:25:41.360,0.9951,0.9954,2.40,2.40
2010.04.21 12:25:51.699,0.9952,0.9955,2.40,2.40
2010.04.21 12:25:51.888,0.9951,0.9955,2.40,2.40
2010.04.21 12:25:53.586,0.9952,0.9955,2.40,2.40
2010.04.21 12:26:02.060,0.9951,0.9954,2.40,2.40
2010.04.21 12:26:02.518,0.9951,0.9955,2.40,2.40
2010.04.21 12:26:03.425,0.9951,0.9954,2.40,2.40
2010.04.21 12:26:05.034,0.9952,0.9955,2.40,2.40
2010.04.21 12:26:07.768,0.9952,0.9956,2.40,2.40
2010.04.21 12:26:08.069,0.9952,0.9955,2.40,2.40
2010.04.21 12:26:10.912,0.9951,0.9954,2.40,2.40
2010.04.21 12:26:11.420,0.9951,0.9955,2.40,2.40
2010.04.21 12:26:12.284,0.9951,0.9954,2.40,2.40
2010.04.21 12:26:13.344,0.9951,0.9955,2.40,2.40
2010.04.21 12:26:14.272,0.9952,0.9955,2.40,2.40
2010.04.21 12:26:15.147,0.9951,0.9954,2.40,2.40
2010.04.21 12:26:15.352,0.9951,0.9955,2.40,2.40
2010.04.21 12:26:16.421,0.9951,0.9954,2.40,2.40
2010.04.21 12:26:17.432,0.9951,0.9955,2.40,2.40
2010.04.21 12:26:17.571,0.9951,0.9954,2.40,2.40
2010.04.21 12:26:18.597,0.9951,0.9955,2.40,2.40
2010.04.21 12:26:20.238,0.9951,0.9954,2.40,2.40
2010.04.21 12:26:30.778,0.9952,0.9955,2.40,2.40
2010.04.21 12:26:32.923,0.995,0.9954,2.40,2.40
2010.04.21 12:26:33.598,0.9951,0.9955,2.40,2.40
2010.04.21 12:26:33.664,0.995,0.9953,2.40,2.40
2010.04.21 12:26:34.713,0.9951,0.9954,2.40,2.40
2010.04.21 12:26:36.538,0.9952,0.9955,2.40,2.40
2010.04.21 12:26:43.525,0.9951,0.9954,2.40,2.40
2010.04.21 12:26:43.785,0.995,0.9954,2.40,2.40
2010.04.21 12:26:43.985,0.9951,0.9954,2.40,2.40
2010.04.21 12:26:46.285,0.9952,0.9955,2.40,2.40
2010.04.21 12:26:46.880,0.9951,0.9954,2.40,2.40
2010.04.21 12:26:49.073,0.9952,0.9955,2.40,2.40
2010.04.21 12:26:49.463,0.9951,0.9954,2.40,2.40
2010.04.21 12:26:53.852,0.9952,0.9955,2.40,2.40
2010.04.21 12:27:06.410,0.9951,0.9954,2.40,2.40
2010.04.21 12:27:07.069,0.9951,0.9955,2.40,2.40
2010.04.21 12:27:07.926,0.9952,0.9954,2.40,2.40
2010.04.21 12:27:09.378,0.9951,0.9954,2.40,2.40
2010.04.21 12:27:09.718,0.9952,0.9954,2.40,2.40
2010.04.21 12:27:11.339,0.9952,0.9955,2.40,2.40
2010.04.21 12:27:11.678,0.9951,0.9955,2.40,2.40
2010.04.21 12:27:14.517,0.9952,0.9955,2.40,2.40
2010.04.21 12:27:42.978,0.9952,0.9954,2.40,2.40
2010.04.21 12:27:43.151,0.9952,0.9955,2.40,2.40
2010.04.21 12:27:48.902,0.9952,0.9954,2.40,2.40
2010.04.21 12:27:49.209,0.9952,0.9955,2.40,2.40
2010.04.21 12:27:55.184,0.9951,0.9954,2.40,2.40
2010.04.21 12:27:55.397,0.9952,0.9955,2.40,2.40
2010.04.21 12:27:57.397,0.9951,0.9954,2.40,2.40
2010.04.21 12:27:58.342,0.9952,0.9955,2.40,2.40
2010.04.21 12:27:59.865,0.9951,0.9954,2.40,2.40
2010.04.21 12:28:00.816,0.9952,0.9955,2.40,2.40
2010.04.21 12:28:03.515,0.9953,0.9955,2.40,2.40
2010.04.21 12:28:03.795,0.9951,0.9954,2.40,2.40
2010.04.21 12:28:04.686,0.9952,0.9955,2.40,2.40
2010.04.21 12:28:20.692,0.9951,0.9954,2.40,2.40
2010.04.21 12:28:21.131,0.9952,0.9955,2.40,2.40
2010.04.21 12:28:22.591,0.9951,0.9954,2.40,2.40
2010.04.21 12:28:28.869,0.9952,0.9955,2.40,2.40
2010.04.21 12:28:30.609,0.9951,0.9955,2.40,2.40
2010.04.21 12:28:30.949,0.9952,0.9955,2.40,2.40
2010.04.21 12:28:31.799,0.9951,0.9954,2.40,2.40
2010.04.21 12:28:32.922,0.9952,0.9955,2.40,2.40
2010.04.21 12:28:33.123,0.9951,0.9954,2.40,2.40
2010.04.21 12:28:40.558,0.9952,0.9955,2.40,2.40
2010.04.21 12:28:44.598,0.9951,0.9954,2.40,2.40
2010.04.21 12:28:49.435,0.9952,0.9955,2.40,2.40
2010.04.21 12:28:50.725,0.9951,0.9954,2.40,2.40
2010.04.21 12:28:51.174,0.9951,0.9955,2.40,2.40
2010.04.21 12:28:51.741,0.9951,0.9954,2.40,2.40
2010.04.21 12:28:54.433,0.9951,0.9955,2.40,2.40
2010.04.21 12:28:56.503,0.9951,0.9954,2.40,2.40
2010.04.21 12:29:02.941,0.9951,0.9955,2.40,2.40
2010.04.21 12:29:03.162,0.9951,0.9954,2.40,2.40
2010.04.21 12:29:04.901,0.9952,0.9955,2.40,2.40
2010.04.21 12:29:05.082,0.9951,0.9954,2.40,2.40
2010.04.21 12:29:05.961,0.9952,0.9955,2.40,2.40
2010.04.21 12:29:07.651,0.9953,0.9956,2.40,2.40
2010.04.21 12:29:11.430,0.9952,0.9955,2.40,2.40
2010.04.21 12:29:14.768,0.9953,0.9956,2.40,2.40
2010.04.21 12:29:15.058,0.9952,0.9956,2.40,2.40
2010.04.21 12:29:19.318,0.9953,0.9956,2.40,2.40
2010.04.21 12:29:19.617,0.9952,0.9956,2.40,2.40
2010.04.21 12:29:20.937,0.9952,0.9955,2.40,2.40
2010.04.21 12:29:27.096,0.9952,0.9956,2.40,2.40
2010.04.21 12:29:34.103,0.9953,0.9956,2.40,2.40
2010.04.21 12:29:39.142,0.9952,0.9956,2.40,2.40
2010.04.21 12:29:44.556,0.9952,0.9955,2.40,2.40
2010.04.21 12:29:44.842,0.9953,0.9956,2.40,2.40
2010.04.21 12:29:45.131,0.9954,0.9957,2.40,2.40
2010.04.21 12:29:45.972,0.9953,0.9957,2.40,2.40
2010.04.21 12:29:49.310,0.9953,0.9956,2.40,2.40
2010.04.21 12:29:53.550,0.9954,0.9957,2.40,2.40
2010.04.21 12:29:55.137,0.9953,0.9956,2.40,2.40
2010.04.21 12:29:57.928,0.9953,0.9957,2.40,2.40
2010.04.21 12:29:58.658,0.9954,0.9957,2.40,2.40
2010.04.21 12:29:59.517,0.9953,0.9956,2.40,2.40
2010.04.21 12:30:00.587,0.9952,0.9956,2.40,2.40
2010.04.21 12:30:00.817,0.9954,0.9957,2.40,2.40
2010.04.21 12:30:01.668,0.9953,0.9957,2.40,2.40
2010.04.21 12:30:03.399,0.9954,0.9957,2.40,2.40
2010.04.21 12:30:05.586,0.9953,0.9957,2.40,2.40
2010.04.21 12:30:07.066,0.9954,0.9958,2.40,2.40
2010.04.21 12:30:09.180,0.9955,0.9958,2.40,2.40
2010.04.21 12:30:09.505,0.9954,0.9957,2.40,2.40
2010.04.21 12:30:10.841,0.9954,0.9958,2.40,2.40
2010.04.21 12:30:11.167,0.9953,0.9957,2.40,2.40
2010.04.21 12:30:11.486,0.9954,0.9957,2.40,2.40
2010.04.21 12:30:13.924,0.9953,0.9956,2.40,2.40
2010.04.21 12:30:21.052,0.9954,0.9957,2.40,2.40
2010.04.21 12:30:22.551,0.9953,0.9956,2.40,2.40
2010.04.21 12:30:22.687,0.9953,0.9957,2.40,2.40
2010.04.21 12:30:22.817,0.9953,0.9956,2.40,2.40
2010.04.21 12:30:25.049,0.9954,0.9957,2.40,2.40
2010.04.21 12:30:31.511,0.9954,0.9958,2.40,2.40
2010.04.21 12:30:32.298,0.9953,0.9957,2.40,2.40
2010.04.21 12:30:36.429,0.9954,0.9957,2.40,2.40
2010.04.21 12:30:38.038,0.9954,0.9958,2.40,2.40
2010.04.21 12:30:38.338,0.9954,0.9957,2.40,2.40
2010.04.21 12:30:39.588,0.9955,0.9958,2.40,2.40
2010.04.21 12:30:44.597,0.9954,0.9957,2.40,2.40
2010.04.21 12:30:50.125,0.9955,0.9958,2.40,2.40
2010.04.21 12:30:51.916,0.9954,0.9957,2.40,2.40
2010.04.21 12:31:04.162,0.9954,0.9958,2.40,2.40
2010.04.21 12:31:04.842,0.9955,0.9958,2.40,2.40
2010.04.21 12:31:06.293,0.9954,0.9958,2.40,2.40
2010.04.21 12:31:10.018,0.9955,0.9958,2.40,2.40
2010.04.21 12:31:10.231,0.9954,0.9957,2.40,2.40
2010.04.21 12:31:12.011,0.9955,0.9958,2.40,2.40
2010.04.21 12:31:12.161,0.9954,0.9957,2.40,2.40
2010.04.21 12:31:12.460,0.9955,0.9958,2.40,2.40
2010.04.21 12:31:12.611,0.9954,0.9957,2.40,2.40
2010.04.21 12:31:13.870,0.9955,0.9958,2.40,2.40
2010.04.21 12:31:14.110,0.9954,0.9957,2.40,2.40
2010.04.21 12:31:15.071,0.9955,0.9958,2.40,2.40
2010.04.21 12:31:15.410,0.9954,0.9957,2.40,2.40
2010.04.21 12:31:18.638,0.9955,0.9959,2.40,2.40
2010.04.21 12:31:18.869,0.9955,0.9958,2.40,2.40
2010.04.21 12:31:58.869,0.9956,0.9959,2.40,2.40
2010.04.21 12:32:01.998,0.9955,0.9959,2.40,2.40
2010.04.21 12:32:02.178,0.9956,0.9959,2.40,2.40
2010.04.21 12:32:07.796,0.9955,0.9958,2.40,2.40
2010.04.21 12:32:14.799,0.9954,0.9957,2.40,2.40
2010.04.21 12:32:14.966,0.9955,0.9958,2.40,2.40
2010.04.21 12:32:15.587,0.9954,0.9958,2.40,2.40
2010.04.21 12:32:16.444,0.9954,0.9957,2.40,2.40
2010.04.21 12:32:17.014,0.9955,0.9958,2.40,2.40
2010.04.21 12:32:34.121,0.9954,0.9958,2.40,2.40
2010.04.21 12:32:39.156,0.9953,0.9957,2.40,2.40
2010.04.21 12:32:40.011,0.9954,0.9957,2.40,2.40
2010.04.21 12:32:40.809,0.9954,0.9958,2.40,2.40
2010.04.21 12:32:42.268,0.9954,0.9957,2.40,2.40
2010.04.21 12:32:43.940,0.9954,0.9958,2.40,2.40
2010.04.21 12:32:44.109,0.9954,0.9957,2.40,2.40
2010.04.21 12:32:47.097,0.9954,0.9958,2.40,2.40
2010.04.21 12:32:47.887,0.9954,0.9957,2.40,2.40
2010.04.21 12:32:53.695,0.9955,0.9958,2.40,2.40
2010.04.21 12:32:55.975,0.9954,0.9957,2.40,2.40
2010.04.21 12:32:56.860,0.9955,0.9958,2.40,2.40
2010.04.21 12:33:04.474,0.9954,0.9957,2.40,2.40
2010.04.21 12:33:04.619,0.9955,0.9958,2.40,2.40
2010.04.21 12:33:04.754,0.9954,0.9957,2.40,2.40
2010.04.21 12:33:05.361,0.9953,0.9956,2.40,2.40
2010.04.21 12:33:05.693,0.9953,0.9957,2.40,2.40
2010.04.21 12:33:06.600,0.9954,0.9957,2.40,2.40
2010.04.21 12:33:06.949,0.9954,0.9958,2.40,2.40
2010.04.21 12:33:07.675,0.9954,0.9957,2.40,2.40
2010.04.21 12:33:09.212,0.9954,0.9958,2.40,2.40
2010.04.21 12:33:09.492,0.9953,0.9957,2.40,2.40
2010.04.21 12:33:10.216,0.9954,0.9957,2.40,2.40
2010.04.21 12:33:10.472,0.9954,0.9958,2.40,2.40
2010.04.21 12:33:11.902,0.9954,0.9957,2.40,2.40
2010.04.21 12:33:16.750,0.9953,0.9957,2.40,2.40
2010.04.21 12:33:18.175,0.9953,0.9956,2.40,2.40
2010.04.21 12:33:23.040,0.9954,0.9957,2.40,2.40
2010.04.21 12:33:23.440,0.9953,0.9956,2.40,2.40
2010.04.21 12:33:26.178,0.9952,0.9956,2.40,2.40
2010.04.21 12:33:28.888,0.9953,0.9956,2.40,2.40
2010.04.21 12:33:29.037,0.9953,0.9957,2.40,2.40
2010.04.21 12:33:29.833,0.9954,0.9957,2.40,2.40
2010.04.21 12:33:30.507,0.9953,0.9957,2.40,2.40
2010.04.21 12:33:32.946,0.9953,0.9956,2.40,2.40
2010.04.21 12:33:39.318,0.9954,0.9957,2.40,2.40
2010.04.21 12:33:39.496,0.9953,0.9956,2.40,2.40
2010.04.21 12:33:39.674,0.9954,0.9957,2.40,2.40
2010.04.21 12:33:40.710,0.9953,0.9957,2.40,2.40
2010.04.21 12:33:40.994,0.9953,0.9956,2.40,2.40
2010.04.21 12:33:41.573,0.9953,0.9957,2.40,2.40
2010.04.21 12:33:41.857,0.9954,0.9957,2.40,2.40
2010.04.21 12:33:42.208,0.9953,0.9956,2.40,2.40
2010.04.21 12:33:46.823,0.9952,0.9956,2.40,2.40
2010.04.21 12:33:48.292,0.9952,0.9955,2.40,2.40
2010.04.21 12:33:50.192,0.9953,0.9956,2.40,2.40
2010.04.21 12:33:56.660,0.9954,0.9957,2.40,2.40
2010.04.21 12:33:57.593,0.9953,0.9956,2.40,2.40
2010.04.21 12:33:59.222,0.9954,0.9957,2.40,2.40
2010.04.21 12:34:00.230,0.9953,0.9956,2.40,2.40
2010.04.21 12:34:05.368,0.9953,0.9957,2.40,2.40
2010.04.21 12:34:05.978,0.9953,0.9956,2.40,2.40
2010.04.21 12:34:11.249,0.9952,0.9956,2.40,2.40
2010.04.21 12:34:12.586,0.9953,0.9956,2.40,2.40
2010.04.21 12:34:14.686,0.9952,0.9956,2.40,2.40
2010.04.21 12:34:15.027,0.9953,0.9956,2.40,2.40
2010.04.21 12:34:15.448,0.9952,0.9956,2.40,2.40
2010.04.21 12:34:16.404,0.9953,0.9956,2.40,2.40
2010.04.21 12:34:16.676,0.9952,0.9956,2.40,2.40
2010.04.21 12:34:17.295,0.9953,0.9956,2.40,2.40
2010.04.21 12:34:20.039,0.9952,0.9956,2.40,2.40
2010.04.21 12:34:20.265,0.9953,0.9956,2.40,2.40
2010.04.21 12:34:23.985,0.9953,0.9957,2.40,2.40
2010.04.21 12:34:24.204,0.9953,0.9956,2.40,2.40
2010.04.21 12:34:37.322,0.9952,0.9955,2.40,2.40
2010.04.21 12:34:37.581,0.9953,0.9956,2.40,2.40
2010.04.21 12:34:42.186,0.9952,0.9956,2.40,2.40
2010.04.21 12:34:43.155,0.9952,0.9955,2.40,2.40
2010.04.21 12:34:43.463,0.9951,0.9955,2.40,2.40
2010.04.21 12:34:46.009,0.9953,0.9956,2.40,2.40
2010.04.21 12:34:46.349,0.9952,0.9956,2.40,2.40
2010.04.21 12:34:47.398,0.9951,0.9955,2.40,2.40
2010.04.21 12:34:47.698,0.9952,0.9956,2.40,2.40
2010.04.21 12:34:51.318,0.9952,0.9955,2.40,2.40
2010.04.21 12:34:52.707,0.9951,0.9955,2.40,2.40
2010.04.21 12:34:53.047,0.9952,0.9955,2.40,2.40
2010.04.21 12:35:08.373,0.9952,0.9956,2.40,2.40
2010.04.21 12:35:08.494,0.9952,0.9955,2.40,2.40
2010.04.21 12:35:11.260,0.9952,0.9956,2.40,2.40
2010.04.21 12:35:11.583,0.9952,0.9955,2.40,2.40
2010.04.21 12:35:12.485,0.9952,0.9956,2.40,2.40
2010.04.21 12:35:12.826,0.9953,0.9956,2.40,2.40
2010.04.21 12:35:18.661,0.9953,0.9957,2.40,2.40
2010.04.21 12:35:19.892,0.9953,0.9956,2.40,2.40
2010.04.21 12:35:21.430,0.9954,0.9957,2.40,2.40
2010.04.21 12:35:22.274,0.9953,0.9956,2.40,2.40
2010.04.21 12:35:23.511,0.9953,0.9957,2.40,2.40
2010.04.21 12:35:25.355,0.9954,0.9957,2.40,2.40
2010.04.21 12:35:26.519,0.9953,0.9957,2.40,2.40
2010.04.21 12:35:27.391,0.9953,0.9956,2.40,2.40
2010.04.21 12:35:27.838,0.9952,0.9955,2.40,2.40
2010.04.21 12:35:28.588,0.9954,0.9957,2.40,2.40
2010.04.21 12:35:32.111,0.9953,0.9956,2.40,2.40
2010.04.21 12:35:33.178,0.9954,0.9957,2.40,2.40
2010.04.21 12:35:33.467,0.9953,0.9957,2.40,2.40
2010.04.21 12:35:34.471,0.9954,0.9957,2.40,2.40
2010.04.21 12:35:38.127,0.9953,0.9957,2.40,2.40
2010.04.21 12:35:38.226,0.9954,0.9957,2.40,2.40
2010.04.21 12:35:39.466,0.9953,0.9957,2.40,2.40
2010.04.21 12:35:40.329,0.9954,0.9957,2.40,2.40
2010.04.21 12:35:46.744,0.9953,0.9956,2.40,2.40
2010.04.21 12:35:47.075,0.9954,0.9957,2.40,2.40
2010.04.21 12:35:47.596,0.9953,0.9956,2.40,2.40
2010.04.21 12:35:47.934,0.9954,0.9957,2.40,2.40
2010.04.21 12:35:54.364,0.9953,0.9957,2.40,2.40
2010.04.21 12:35:55.304,0.9954,0.9957,2.40,2.40
2010.04.21 12:35:56.892,0.9954,0.9958,2.40,2.40
2010.04.21 12:35:57.062,0.9954,0.9957,2.40,2.40
2010.04.21 12:35:57.833,0.9953,0.9957,2.40,2.40
2010.04.21 12:35:58.171,0.9954,0.9957,2.40,2.40
2010.04.21 12:36:02.961,0.9955,0.9958,2.40,2.40
2010.04.21 12:36:08.270,0.9956,0.9959,2.40,2.40
2010.04.21 12:36:08.509,0.9955,0.9959,2.40,2.40
2010.04.21 12:36:09.799,0.9955,0.9958,2.40,2.40
2010.04.21 12:36:14.734,0.9954,0.9958,2.40,2.40
2010.04.21 12:36:15.079,0.9955,0.9958,2.40,2.40
2010.04.21 12:36:20.946,0.9954,0.9958,2.40,2.40
2010.04.21 12:36:22.226,0.9954,0.9957,2.40,2.40
2010.04.21 12:36:24.125,0.9954,0.9958,2.40,2.40
2010.04.21 12:36:25.114,0.9954,0.9957,2.40,2.40
2010.04.21 12:36:25.284,0.9955,0.9958,2.40,2.40
2010.04.21 12:36:26.335,0.9954,0.9958,2.40,2.40
2010.04.21 12:36:27.074,0.9956,0.9959,2.40,2.40
2010.04.21 12:36:30.784,0.9954,0.9958,2.40,2.40
2010.04.21 12:36:38.052,0.9956,0.9959,2.40,2.40
2010.04.21 12:36:38.335,0.9955,0.9958,2.40,2.40
2010.04.21 12:36:40.511,0.9954,0.9957,2.40,2.40
2010.04.21 12:36:45.241,0.9954,0.9958,2.40,2.40
2010.04.21 12:36:45.828,0.9954,0.9957,2.40,2.40
2010.04.21 12:36:49.619,0.9954,0.9958,2.40,2.40
2010.04.21 12:36:50.951,0.9953,0.9957,2.40,2.40
2010.04.21 12:36:53.968,0.9954,0.9957,2.40,2.40
2010.04.21 12:36:54.868,0.9953,0.9957,2.40,2.40
2010.04.21 12:36:56.159,0.9952,0.9956,2.40,2.40
2010.04.21 12:36:57.957,0.9954,0.9957,2.40,2.40
2010.04.21 12:36:59.696,0.9954,0.9958,2.40,2.40
2010.04.21 12:37:00.676,0.9954,0.9957,2.40,2.40
2010.04.21 12:37:07.737,0.9954,0.9958,2.40,2.40
2010.04.21 12:37:07.994,0.9953,0.9957,2.40,2.40
2010.04.21 12:37:09.274,0.9953,0.9956,2.40,2.40
2010.04.21 12:37:10.825,0.9954,0.9957,2.40,2.40
2010.04.21 12:37:16.783,0.9954,0.9958,2.40,2.40
2010.04.21 12:37:23.251,0.9956,0.9959,2.40,2.40
2010.04.21 12:37:27.200,0.9955,0.9958,2.40,2.40
2010.04.21 12:37:39.069,0.9956,0.9959,2.40,2.40
2010.04.21 12:37:42.516,0.9955,0.9958,2.40,2.40
2010.04.21 12:37:43.562,0.9955,0.9959,2.40,2.40
2010.04.21 12:37:45.451,0.9955,0.9958,2.40,2.40
2010.04.21 12:37:45.788,0.9955,0.9959,2.40,2.40
2010.04.21 12:37:47.195,0.9955,0.9958,2.40,2.40
2010.04.21 12:37:49.295,0.9956,0.9959,2.40,2.40
2010.04.21 12:37:50.057,0.9955,0.9959,2.40,2.40
2010.04.21 12:37:50.395,0.9956,0.9959,2.40,2.40
2010.04.21 12:37:51.074,0.9955,0.9959,2.40,2.40
2010.04.21 12:37:51.966,0.9955,0.9958,2.40,2.40
2010.04.21 12:37:55.914,0.9955,0.9959,2.40,2.40
2010.04.21 12:37:57.592,0.9956,0.9959,2.40,2.40
2010.04.21 12:37:58.752,0.9955,0.9958,2.40,2.40
2010.04.21 12:38:21.617,0.9954,0.9958,2.40,2.40
2010.04.21 12:38:21.896,0.9953,0.9956,2.40,2.40
2010.04.21 12:38:22.176,0.9955,0.9958,2.40,2.40
2010.04.21 12:38:28.371,0.9954,0.9957,2.40,2.40
2010.04.21 12:38:29.225,0.9955,0.9958,2.40,2.40
2010.04.21 12:38:38.173,0.9954,0.9958,2.40,2.40
2010.04.21 12:38:39.724,0.9955,0.9958,2.40,2.40
2010.04.21 12:38:40.063,0.9954,0.9957,2.40,2.40
2010.04.21 12:38:47.511,0.9954,0.9958,2.40,2.40
2010.04.21 12:38:47.740,0.9954,0.9957,2.40,2.40
2010.04.21 12:38:48.605,0.9954,0.9958,2.40,2.40
2010.04.21 12:38:55.750,0.9954,0.9957,2.40,2.40
2010.04.21 12:38:56.091,0.9953,0.9957,2.40,2.40
2010.04.21 12:38:57.928,0.9954,0.9958,2.40,2.40
2010.04.21 12:38:58.619,0.9953,0.9957,2.40,2.40
2010.04.21 12:39:00.648,0.9953,0.9956,2.40,2.40
2010.04.21 12:39:00.978,0.9953,0.9957,2.40,2.40
2010.04.21 12:39:01.807,0.9953,0.9956,2.40,2.40
2010.04.21 12:39:12.724,0.9953,0.9957,2.40,2.40
2010.04.21 12:39:13.585,0.9954,0.9957,2.40,2.40
2010.04.21 12:39:14.085,0.9953,0.9957,2.40,2.40
2010.04.21 12:39:15.385,0.9954,0.9957,2.40,2.40
2010.04.21 12:39:16.633,0.9954,0.9958,2.40,2.40
2010.04.21 12:39:18.403,0.9955,0.9959,2.40,2.40
2010.04.21 12:39:19.344,0.9955,0.9958,2.40,2.40
2010.04.21 12:39:54.325,0.9953,0.9956,2.40,2.40
2010.04.21 12:39:54.962,0.9955,0.9958,2.40,2.40
2010.04.21 12:39:55.237,0.9954,0.9957,2.40,2.40
2010.04.21 12:39:55.514,0.9953,0.9956,2.40,2.40
2010.04.21 12:40:02.022,0.9954,0.9957,2.40,2.40
2010.04.21 12:40:02.702,0.9953,0.9956,2.40,2.40
2010.04.21 12:40:07.842,0.9953,0.9957,2.40,2.40
2010.04.21 12:40:18.168,0.9954,0.9957,2.40,2.40
2010.04.21 12:40:19.409,0.9953,0.9956,2.40,2.40
2010.04.21 12:40:23.577,0.9952,0.9956,2.40,2.40
2010.04.21 12:40:24.091,0.9953,0.9956,2.40,2.40
2010.04.21 12:40:46.313,0.9952,0.9955,2.40,2.40
2010.04.21 12:40:46.652,0.9953,0.9956,2.40,2.40
2010.04.21 12:40:47.451,0.9952,0.9955,2.40,2.40
2010.04.21 12:40:49.712,0.9952,0.9956,2.40,2.40
2010.04.21 12:40:56.792,0.9953,0.9956,2.40,2.40
2010.04.21 12:41:01.420,0.9952,0.9955,2.40,2.40
2010.04.21 12:41:03.148,0.9951,0.9954,2.40,2.40
2010.04.21 12:41:03.357,0.9952,0.9955,2.40,2.40
2010.04.21 12:41:06.295,0.9951,0.9954,2.40,2.40
2010.04.21 12:41:10.187,0.9952,0.9955,2.40,2.40
2010.04.21 12:41:12.276,0.9953,0.9956,2.40,2.40
2010.04.21 12:41:12.405,0.9952,0.9955,2.40,2.40
2010.04.21 12:41:17.994,0.9953,0.9956,2.40,2.40
2010.04.21 12:41:18.234,0.9952,0.9955,2.40,2.40
2010.04.21 12:41:23.374,0.9951,0.9955,2.40,2.40
2010.04.21 12:41:23.573,0.9951,0.9954,2.40,2.40
2010.04.21 12:41:23.772,0.9951,0.9955,2.40,2.40
2010.04.21 12:41:24.807,0.9952,0.9955,2.40,2.40
2010.04.21 12:41:28.307,0.9951,0.9955,2.40,2.40
2010.04.21 12:41:31.011,0.9952,0.9955,2.40,2.40
2010.04.21 12:41:34.691,0.9951,0.9955,2.40,2.40
2010.04.21 12:41:37.400,0.9952,0.9955,2.40,2.40
2010.04.21 12:41:43.910,0.9951,0.9955,2.40,2.40
2010.04.21 12:41:44.828,0.9952,0.9955,2.40,2.40
2010.04.21 12:41:50.846,0.9951,0.9955,2.40,2.40
2010.04.21 12:41:51.593,0.9952,0.9955,2.40,2.40
2010.04.21 12:41:53.169,0.9951,0.9954,2.40,2.40
2010.04.21 12:41:53.435,0.995,0.9953,2.40,2.40
2010.04.21 12:42:03.893,0.9951,0.9954,2.40,2.40
2010.04.21 12:42:04.073,0.995,0.9953,2.40,2.40
2010.04.21 12:42:09.492,0.995,0.9954,2.40,2.40
2010.04.21 12:42:17.630,0.9951,0.9954,2.40,2.40
2010.04.21 12:42:18.320,0.995,0.9954,2.40,2.40
2010.04.21 12:42:19.140,0.9951,0.9954,2.40,2.40
2010.04.21 12:42:20.022,0.995,0.9954,2.40,2.40
2010.04.21 12:42:22.559,0.9951,0.9954,2.40,2.40
2010.04.21 12:42:43.263,0.9951,0.9955,2.40,2.40
2010.04.21 12:42:43.945,0.9952,0.9955,2.40,2.40
2010.04.21 12:42:44.150,0.9951,0.9954,2.40,2.40
2010.04.21 12:42:44.345,0.9951,0.9955,2.40,2.40
2010.04.21 12:42:45.083,0.9951,0.9954,2.40,2.40
2010.04.21 12:42:50.832,0.9951,0.9955,2.40,2.40
2010.04.21 12:42:51.702,0.9951,0.9954,2.40,2.40
2010.04.21 12:42:55.401,0.9951,0.9955,2.40,2.40
2010.04.21 12:42:55.621,0.9951,0.9954,2.40,2.40
2010.04.21 12:42:57.081,0.995,0.9953,2.40,2.40
2010.04.21 12:43:01.161,0.9951,0.9954,2.40,2.40
2010.04.21 12:43:01.781,0.995,0.9953,2.40,2.40
2010.04.21 12:43:03.160,0.9949,0.9952,2.40,2.40
2010.04.21 12:43:04.159,0.9948,0.9951,2.40,2.40
2010.04.21 12:43:04.448,0.9949,0.9952,2.40,2.40
2010.04.21 12:43:08.898,0.995,0.9953,2.40,2.40
2010.04.21 12:43:10.818,0.9949,0.9952,2.40,2.40
2010.04.21 12:43:11.847,0.995,0.9953,2.40,2.40
2010.04.21 12:43:12.038,0.9949,0.9952,2.40,2.40
2010.04.21 12:43:12.739,0.9948,0.9952,2.40,2.40
2010.04.21 12:43:12.866,0.9949,0.9952,2.40,2.40
2010.04.21 12:43:14.746,0.9948,0.9951,2.40,2.40
2010.04.21 12:43:16.466,0.9949,0.9952,2.40,2.40
2010.04.21 12:43:17.255,0.9948,0.9951,2.40,2.40
2010.04.21 12:43:18.535,0.9949,0.9952,2.40,2.40
2010.04.21 12:43:19.673,0.9948,0.9951,2.40,2.40
2010.04.21 12:43:20.455,0.9949,0.9952,2.40,2.40
2010.04.21 12:43:21.665,0.995,0.9953,2.40,2.40
2010.04.21 12:43:21.854,0.9949,0.9953,2.40,2.40
2010.04.21 12:43:23.505,0.995,0.9953,2.40,2.40
2010.04.21 12:43:27.463,0.9949,0.9952,2.40,2.40
2010.04.21 12:43:29.662,0.9949,0.9953,2.40,2.40
2010.04.21 12:43:30.483,0.9949,0.9952,2.40,2.40
2010.04.21 12:43:31.772,0.9948,0.9952,2.40,2.40
2010.04.21 12:43:32.112,0.9949,0.9952,2.40,2.40
2010.04.21 12:43:35.712,0.9949,0.9953,2.40,2.40
2010.04.21 12:43:35.851,0.9949,0.9952,2.40,2.40
2010.04.21 12:43:37.232,0.995,0.9953,2.40,2.40
2010.04.21 12:43:37.910,0.9949,0.9952,2.40,2.40
2010.04.21 12:43:38.100,0.9949,0.9953,2.40,2.40
2010.04.21 12:43:39.060,0.9949,0.9952,2.40,2.40
2010.04.21 12:43:42.169,0.9948,0.9951,2.40,2.40
2010.04.21 12:43:42.765,0.9949,0.9952,2.40,2.40
2010.04.21 12:43:43.261,0.9949,0.9953,2.40,2.40
2010.04.21 12:43:44.477,0.9949,0.9952,2.40,2.40
2010.04.21 12:43:44.739,0.9948,0.9952,2.40,2.40
2010.04.21 12:43:44.999,0.9948,0.9951,2.40,2.40
2010.04.21 12:43:48.033,0.9949,0.9952,2.40,2.40
2010.04.21 12:43:48.748,0.9948,0.9951,2.40,2.40
2010.04.21 12:43:49.048,0.9948,0.9952,2.40,2.40
2010.04.21 12:43:49.348,0.9948,0.9951,2.40,2.40
2010.04.21 12:44:02.504,0.9948,0.9952,2.40,2.40
2010.04.21 12:44:03.315,0.9949,0.9952,2.40,2.40
2010.04.21 12:44:03.545,0.9948,0.9952,2.40,2.40
2010.04.21 12:44:04.121,0.9949,0.9952,2.40,2.40
2010.04.21 12:44:04.462,0.9948,0.9951,2.40,2.40
2010.04.21 12:44:05.506,0.9949,0.9952,2.40,2.40
2010.04.21 12:44:05.844,0.9948,0.9951,2.40,2.40
2010.04.21 12:44:09.483,0.9947,0.9951,2.40,2.40
2010.04.21 12:44:09.723,0.9948,0.9951,2.40,2.40
2010.04.21 12:44:14.982,0.9948,0.9952,2.40,2.40
2010.04.21 12:44:15.062,0.9948,0.9951,2.40,2.40
2010.04.21 12:44:15.756,0.9949,0.9952,2.40,2.40
2010.04.21 12:44:17.741,0.9948,0.9952,2.40,2.40
2010.04.21 12:44:18.748,0.9948,0.9951,2.40,2.40
2010.04.21 12:44:18.892,0.9948,0.9952,2.40,2.40
2010.04.21 12:44:22.952,0.9948,0.9951,2.40,2.40
2010.04.21 12:44:24.249,0.9947,0.995,2.40,2.40
2010.04.21 12:44:24.409,0.9947,0.9951,2.40,2.40
2010.04.21 12:44:25.289,0.9948,0.9951,2.40,2.40
2010.04.21 12:44:29.288,0.9947,0.995,2.40,2.40
2010.04.21 12:44:30.448,0.9948,0.9951,2.40,2.40
2010.04.21 12:44:50.943,0.9947,0.995,2.40,2.40
2010.04.21 12:44:56.172,0.9948,0.9951,2.40,2.40
2010.04.21 12:44:56.862,0.9947,0.995,2.40,2.40
2010.04.21 12:44:58.622,0.9946,0.9949,2.40,2.40
2010.04.21 12:44:58.881,0.9947,0.995,2.40,2.40
2010.04.21 12:45:03.060,0.9946,0.995,2.40,2.40
2010.04.21 12:45:03.420,0.9947,0.995,2.40,2.40
2010.04.21 12:45:04.085,0.9946,0.995,2.40,2.40
2010.04.21 12:45:04.392,0.9948,0.9951,2.40,2.40
2010.04.21 12:45:04.700,0.9947,0.995,2.40,2.40
2010.04.21 12:45:05.831,0.9948,0.9951,2.40,2.40
2010.04.21 12:45:07.989,0.9947,0.9951,2.40,2.40
2010.04.21 12:45:09.468,0.9948,0.9951,2.40,2.40
2010.04.21 12:45:11.032,0.9948,0.9952,2.40,2.40
2010.04.21 12:45:13.101,0.9949,0.9952,2.40,2.40
2010.04.21 12:45:14.198,0.9948,0.9951,2.40,2.40
2010.04.21 12:45:17.251,0.9946,0.9949,2.40,2.40
2010.04.21 12:45:18.047,0.9947,0.995,2.40,2.40
2010.04.21 12:45:20.809,0.9946,0.9949,2.40,2.40
2010.04.21 12:45:25.478,0.9947,0.995,2.40,2.40
2010.04.21 12:45:26.024,0.9946,0.9949,2.40,2.40
2010.04.21 12:45:26.834,0.9947,0.995,2.40,2.40
2010.04.21 12:45:33.803,0.9947,0.9951,2.40,2.40
2010.04.21 12:45:44.148,0.9948,0.9951,2.40,2.40
2010.04.21 12:45:46.490,0.9948,0.9952,2.40,2.40
2010.04.21 12:45:47.540,0.9948,0.9951,2.40,2.40
2010.04.21 12:45:48.524,0.9947,0.995,2.40,2.40
2010.04.21 12:45:50.652,0.9948,0.9951,2.40,2.40
2010.04.21 12:45:50.989,0.9947,0.9951,2.40,2.40
2010.04.21 12:45:51.331,0.9947,0.995,2.40,2.40
2010.04.21 12:45:53.148,0.9946,0.995,2.40,2.40
2010.04.21 12:45:58.734,0.9947,0.9951,2.40,2.40
2010.04.21 12:46:00.127,0.9948,0.9951,2.40,2.40
2010.04.21 12:46:02.826,0.9947,0.9951,2.40,2.40
2010.04.21 12:46:03.935,0.9948,0.9951,2.40,2.40
2010.04.21 12:46:04.615,0.9947,0.9951,2.40,2.40
2010.04.21 12:46:05.617,0.9948,0.9951,2.40,2.40
2010.04.21 12:46:06.525,0.9947,0.995,2.40,2.40
2010.04.21 12:46:10.214,0.9948,0.9951,2.40,2.40
2010.04.21 12:46:16.713,0.9949,0.9952,2.40,2.40
2010.04.21 12:46:19.691,0.995,0.9953,2.40,2.40
2010.04.21 12:46:22.151,0.9949,0.9952,2.40,2.40
2010.04.21 12:46:22.400,0.995,0.9953,2.40,2.40
2010.04.21 12:46:29.359,0.9949,0.9952,2.40,2.40
2010.04.21 12:46:29.699,0.995,0.9953,2.40,2.40
2010.04.21 12:46:31.535,0.9949,0.9952,2.40,2.40
2010.04.21 12:46:33.938,0.995,0.9953,2.40,2.40
2010.04.21 12:46:34.040,0.9949,0.9952,2.40,2.40
2010.04.21 12:46:34.623,0.995,0.9953,2.40,2.40
2010.04.21 12:46:36.718,0.9948,0.9952,2.40,2.40
2010.04.21 12:46:37.517,0.9949,0.9952,2.40,2.40
2010.04.21 12:46:41.517,0.995,0.9953,2.40,2.40
2010.04.21 12:46:45.938,0.995,0.9954,2.40,2.40
2010.04.21 12:46:48.326,0.9951,0.9954,2.40,2.40
2010.04.21 12:46:56.004,0.995,0.9954,2.40,2.40
2010.04.21 12:46:58.122,0.9951,0.9954,2.40,2.40
2010.04.21 12:46:58.953,0.995,0.9953,2.40,2.40
2010.04.21 12:47:00.292,0.9951,0.9954,2.40,2.40
2010.04.21 12:47:04.651,0.995,0.9953,2.40,2.40
2010.04.21 12:47:06.600,0.9949,0.9953,2.40,2.40
2010.04.21 12:47:06.840,0.9949,0.9952,2.40,2.40
2010.04.21 12:47:09.531,0.995,0.9953,2.40,2.40
2010.04.21 12:47:10.549,0.995,0.9954,2.40,2.40
2010.04.21 12:47:10.800,0.9949,0.9952,2.40,2.40
2010.04.21 12:47:11.549,0.995,0.9953,2.40,2.40
2010.04.21 12:47:14.499,0.9949,0.9952,2.40,2.40
2010.04.21 12:47:16.028,0.995,0.9953,2.40,2.40
2010.04.21 12:47:16.288,0.9951,0.9954,2.40,2.40
2010.04.21 12:47:17.198,0.995,0.9953,2.40,2.40
2010.04.21 12:47:18.157,0.9949,0.9952,2.40,2.40
2010.04.21 12:47:18.957,0.995,0.9953,2.40,2.40
2010.04.21 12:47:24.276,0.995,0.9954,2.40,2.40
2010.04.21 12:47:25.646,0.9951,0.9955,2.40,2.40
2010.04.21 12:47:27.830,0.9951,0.9954,2.40,2.40
2010.04.21 12:47:35.463,0.995,0.9954,2.40,2.40
2010.04.21 12:47:47.004,0.9951,0.9955,2.40,2.40
2010.04.21 12:47:47.342,0.9952,0.9955,2.40,2.40
2010.04.21 12:47:53.929,0.9951,0.9955,2.40,2.40
2010.04.21 12:47:57.189,0.9952,0.9955,2.40,2.40
2010.04.21 12:47:59.729,0.9951,0.9955,2.40,2.40
2010.04.21 12:48:01.408,0.9952,0.9955,2.40,2.40
2010.04.21 12:48:08.446,0.9951,0.9955,2.40,2.40
2010.04.21 12:48:09.376,0.9952,0.9955,2.40,2.40
2010.04.21 12:48:10.065,0.9951,0.9955,2.40,2.40
2010.04.21 12:48:15.395,0.9952,0.9955,2.40,2.40
2010.04.21 12:48:15.603,0.9951,0.9955,2.40,2.40
2010.04.21 12:48:18.315,0.9952,0.9955,2.40,2.40
2010.04.21 12:48:22.273,0.9952,0.9956,2.40,2.40
2010.04.21 12:48:23.292,0.9952,0.9955,2.40,2.40
2010.04.21 12:48:24.248,0.9952,0.9956,2.40,2.40
2010.04.21 12:48:28.760,0.9952,0.9955,2.40,2.40
2010.04.21 12:48:31.081,0.9953,0.9956,2.40,2.40
2010.04.21 12:48:31.479,0.9952,0.9956,2.40,2.40
2010.04.21 12:48:31.679,0.9952,0.9955,2.40,2.40
2010.04.21 12:48:57.945,0.9953,0.9956,2.40,2.40
2010.04.21 12:48:58.839,0.9952,0.9955,2.40,2.40
2010.04.21 12:49:03.342,0.9954,0.9957,2.40,2.40
2010.04.21 12:49:03.532,0.9953,0.9956,2.40,2.40
2010.04.21 12:49:08.591,0.9955,0.9958,2.40,2.40
2010.04.21 12:49:09.391,0.9954,0.9957,2.40,2.40
2010.04.21 12:49:09.690,0.9953,0.9957,2.40,2.40
2010.04.21 12:49:10.870,0.9954,0.9957,2.40,2.40
2010.04.21 12:49:28.222,0.9953,0.9957,2.40,2.40
2010.04.21 12:49:28.337,0.9954,0.9957,2.40,2.40
2010.04.21 12:49:31.401,0.9955,0.9958,2.40,2.40
2010.04.21 12:49:32.635,0.9954,0.9958,2.40,2.40
2010.04.21 12:49:33.405,0.9955,0.9958,2.40,2.40
2010.04.21 12:49:52.641,0.9954,0.9958,2.40,2.40
2010.04.21 12:49:53.790,0.9955,0.9959,2.40,2.40
2010.04.21 12:49:59.856,0.9955,0.9958,2.40,2.40
2010.04.21 12:50:01.235,0.9955,0.9959,2.40,2.40
2010.04.21 12:50:01.878,0.9956,0.9959,2.40,2.40
2010.04.21 12:50:08.556,0.9955,0.9958,2.40,2.40
2010.04.21 12:50:10.781,0.9954,0.9957,2.40,2.40
2010.04.21 12:50:11.963,0.9956,0.9959,2.40,2.40
2010.04.21 12:50:12.297,0.9955,0.9958,2.40,2.40
2010.04.21 12:50:16.964,0.9954,0.9957,2.40,2.40
2010.04.21 12:50:17.304,0.9955,0.9958,2.40,2.40
2010.04.21 12:50:17.989,0.9956,0.9959,2.40,2.40
2010.04.21 12:50:20.565,0.9955,0.9958,2.40,2.40
2010.04.21 12:50:22.295,0.9956,0.9959,2.40,2.40
2010.04.21 12:50:23.493,0.9955,0.9958,2.40,2.40
2010.04.21 12:50:23.833,0.9956,0.9959,2.40,2.40
2010.04.21 12:50:24.449,0.9955,0.9959,2.40,2.40
2010.04.21 12:50:25.816,0.9955,0.9958,2.40,2.40
2010.04.21 12:50:28.312,0.9956,0.9959,2.40,2.40
2010.04.21 12:50:29.064,0.9955,0.9958,2.40,2.40
2010.04.21 12:50:29.561,0.9956,0.9959,2.40,2.40
2010.04.21 12:50:35.297,0.9955,0.9958,2.40,2.40
2010.04.21 12:50:39.875,0.9955,0.9959,2.40,2.40
2010.04.21 12:50:40.052,0.9954,0.9958,2.40,2.40
2010.04.21 12:50:40.229,0.9955,0.9959,2.40,2.40
2010.04.21 12:50:42.578,0.9955,0.9958,2.40,2.40
2010.04.21 12:50:47.027,0.9956,0.9959,2.40,2.40
2010.04.21 12:50:47.989,0.9955,0.9958,2.40,2.40
2010.04.21 12:50:48.327,0.9956,0.9959,2.40,2.40
2010.04.21 12:50:50.217,0.9955,0.9958,2.40,2.40
2010.04.21 12:50:50.727,0.9956,0.9959,2.40,2.40
2010.04.21 12:50:50.967,0.9955,0.9958,2.40,2.40
2010.04.21 12:50:54.087,0.9956,0.9959,2.40,2.40
2010.04.21 12:50:54.703,0.9955,0.9958,2.40,2.40
2010.04.21 12:51:06.397,0.9956,0.9959,2.40,2.40
2010.04.21 12:51:07.072,0.9955,0.9958,2.40,2.40
2010.04.21 12:51:07.949,0.9956,0.9959,2.40,2.40
2010.04.21 12:51:10.142,0.9955,0.9959,2.40,2.40
2010.04.21 12:51:12.121,0.9955,0.9958,2.40,2.40
2010.04.21 12:51:13.970,0.9956,0.9959,2.40,2.40
2010.04.21 12:51:16.640,0.9955,0.9959,2.40,2.40
2010.04.21 12:51:18.999,0.9956,0.9959,2.40,2.40
2010.04.21 12:51:30.997,0.9957,0.996,2.40,2.40
2010.04.21 12:51:31.911,0.9956,0.9959,2.40,2.40
2010.04.21 12:51:34.459,0.9956,0.996,2.40,2.40
2010.04.21 12:51:37.412,0.9956,0.9959,2.40,2.40
2010.04.21 12:51:41.836,0.9957,0.996,2.40,2.40
2010.04.21 12:51:42.658,0.9956,0.996,2.40,2.40
2010.04.21 12:51:42.860,0.9956,0.9959,2.40,2.40
2010.04.21 12:51:43.053,0.9956,0.996,2.40,2.40
2010.04.21 12:51:44.733,0.9957,0.996,2.40,2.40
2010.04.21 12:51:45.994,0.9956,0.9959,2.40,2.40
2010.04.21 12:51:47.363,0.9955,0.9959,2.40,2.40
2010.04.21 12:51:50.902,0.9955,0.9958,2.40,2.40
2010.04.21 12:51:50.984,0.9955,0.9959,2.40,2.40
2010.04.21 12:51:54.406,0.9955,0.9958,2.40,2.40
2010.04.21 12:51:56.610,0.9954,0.9958,2.40,2.40
2010.04.21 12:51:56.827,0.9954,0.9957,2.40,2.40
2010.04.21 12:51:57.031,0.9954,0.9958,2.40,2.40
2010.04.21 12:51:57.240,0.9955,0.9958,2.40,2.40
2010.04.21 12:51:57.451,0.9954,0.9958,2.40,2.40
2010.04.21 12:51:58.260,0.9955,0.9958,2.40,2.40
2010.04.21 12:52:00.859,0.9955,0.9959,2.40,2.40
2010.04.21 12:52:01.139,0.9955,0.9958,2.40,2.40
2010.04.21 12:52:01.479,0.9953,0.9957,2.40,2.40
2010.04.21 12:52:03.339,0.9954,0.9958,2.40,2.40
2010.04.21 12:52:04.149,0.9955,0.9958,2.40,2.40
2010.04.21 12:52:09.290,0.9954,0.9958,2.40,2.40
2010.04.21 12:52:14.416,0.9955,0.9958,2.40,2.40
2010.04.21 12:52:15.194,0.9956,0.9959,2.40,2.40
2010.04.21 12:52:15.440,0.9955,0.9958,2.40,2.40
2010.04.21 12:52:21.084,0.9954,0.9957,2.40,2.40
2010.04.21 12:52:21.284,0.9955,0.9958,2.40,2.40
2010.04.21 12:52:22.124,0.9954,0.9958,2.40,2.40
2010.04.21 12:52:24.315,0.9954,0.9957,2.40,2.40
2010.04.21 12:52:25.153,0.9954,0.9958,2.40,2.40
2010.04.21 12:52:25.486,0.9954,0.9957,2.40,2.40
2010.04.21 12:52:25.823,0.9955,0.9958,2.40,2.40
2010.04.21 12:52:29.972,0.9954,0.9958,2.40,2.40
2010.04.21 12:52:31.312,0.9954,0.9957,2.40,2.40
2010.04.21 12:52:32.103,0.9955,0.9958,2.40,2.40
2010.04.21 12:52:37.901,0.9954,0.9958,2.40,2.40
2010.04.21 12:52:39.344,0.9955,0.9958,2.40,2.40
2010.04.21 12:52:44.639,0.9954,0.9958,2.40,2.40
2010.04.21 12:52:45.112,0.9954,0.9957,2.40,2.40
2010.04.21 12:52:46.218,0.9955,0.9958,2.40,2.40
2010.04.21 12:52:48.537,0.9955,0.9959,2.40,2.40
2010.04.21 12:52:49.609,0.9955,0.9958,2.40,2.40
2010.04.21 12:52:52.235,0.9954,0.9958,2.40,2.40
2010.04.21 12:52:54.066,0.9955,0.9958,2.40,2.40
2010.04.21 12:53:00.355,0.9954,0.9957,2.40,2.40
2010.04.21 12:53:00.494,0.9954,0.9958,2.40,2.40
2010.04.21 12:53:04.534,0.9955,0.9958,2.40,2.40
2010.04.21 12:53:05.455,0.9954,0.9958,2.40,2.40
2010.04.21 12:53:05.714,0.9955,0.9958,2.40,2.40
2010.04.21 12:53:06.894,0.9955,0.9959,2.40,2.40
2010.04.21 12:53:07.234,0.9954,0.9958,2.40,2.40
2010.04.21 12:53:08.256,0.9955,0.9958,2.40,2.40
2010.04.21 12:53:09.925,0.9955,0.9959,2.40,2.40
2010.04.21 12:53:11.368,0.9955,0.9958,2.40,2.40
2010.04.21 12:53:11.552,0.9954,0.9958,2.40,2.40
2010.04.21 12:53:12.512,0.9955,0.9958,2.40,2.40
2010.04.21 12:53:13.192,0.9954,0.9957,2.40,2.40
2010.04.21 12:53:15.732,0.9954,0.9958,2.40,2.40
2010.04.21 12:53:18.221,0.9955,0.9958,2.40,2.40
2010.04.21 12:53:20.981,0.9954,0.9957,2.40,2.40
2010.04.21 12:53:30.618,0.9955,0.9958,2.40,2.40
2010.04.21 12:53:30.917,0.9954,0.9957,2.40,2.40
2010.04.21 12:53:36.827,0.9954,0.9958,2.40,2.40
2010.04.21 12:53:37.605,0.9954,0.9957,2.40,2.40
2010.04.21 12:53:37.930,0.9953,0.9957,2.40,2.40
2010.04.21 12:53:38.236,0.9953,0.9956,2.40,2.40
2010.04.21 12:53:41.516,0.9953,0.9957,2.40,2.40
2010.04.21 12:53:42.835,0.9955,0.9958,2.40,2.40
2010.04.21 12:53:44.337,0.9953,0.9957,2.40,2.40
2010.04.21 12:53:46.376,0.9954,0.9957,2.40,2.40
2010.04.21 12:53:53.503,0.9953,0.9956,2.40,2.40
2010.04.21 12:53:55.602,0.9954,0.9957,2.40,2.40
2010.04.21 12:53:55.842,0.9953,0.9956,2.40,2.40
2010.04.21 12:53:57.222,0.9954,0.9957,2.40,2.40
2010.04.21 12:53:58.411,0.9953,0.9956,2.40,2.40
2010.04.21 12:53:58.751,0.9953,0.9957,2.40,2.40
2010.04.21 12:54:06.190,0.9954,0.9957,2.40,2.40
2010.04.21 12:54:07.139,0.9954,0.9958,2.40,2.40
2010.04.21 12:54:11.298,0.9954,0.9957,2.40,2.40
2010.04.21 12:54:12.438,0.9954,0.9958,2.40,2.40
2010.04.21 12:54:17.145,0.9955,0.9958,2.40,2.40
2010.04.21 12:54:24.815,0.9954,0.9958,2.40,2.40
2010.04.21 12:54:27.364,0.9955,0.9959,2.40,2.40
2010.04.21 12:54:28.250,0.9955,0.9958,2.40,2.40
2010.04.21 12:54:30.090,0.9955,0.9959,2.40,2.40
2010.04.21 12:54:33.223,0.9955,0.9958,2.40,2.40
2010.04.21 12:54:41.382,0.9955,0.9959,2.40,2.40
2010.04.21 12:54:44.070,0.9955,0.9958,2.40,2.40
2010.04.21 12:54:44.631,0.9955,0.9959,2.40,2.40
2010.04.21 12:54:48.379,0.9955,0.9958,2.40,2.40
2010.04.21 12:54:50.868,0.9954,0.9958,2.40,2.40
2010.04.21 12:54:52.604,0.9955,0.9958,2.40,2.40
2010.04.21 12:54:54.001,0.9955,0.9959,2.40,2.40
2010.04.21 12:54:54.358,0.9955,0.9958,2.40,2.40
2010.04.21 12:54:57.677,0.9955,0.9959,2.40,2.40
2010.04.21 12:55:01.107,0.9955,0.9958,2.40,2.40
2010.04.21 12:55:08.464,0.9955,0.9959,2.40,2.40
2010.04.21 12:55:08.644,0.9955,0.9958,2.40,2.40
2010.04.21 12:55:12.063,0.9954,0.9958,2.40,2.40
2010.04.21 12:55:12.193,0.9954,0.9957,2.40,2.40
2010.04.21 12:55:14.193,0.9955,0.9958,2.40,2.40
2010.04.21 12:55:15.414,0.9954,0.9957,2.40,2.40
2010.04.21 12:55:17.564,0.9954,0.9958,2.40,2.40
2010.04.21 12:55:21.702,0.9955,0.9958,2.40,2.40
2010.04.21 12:55:23.741,0.9954,0.9958,2.40,2.40
2010.04.21 12:55:24.880,0.9955,0.9958,2.40,2.40
2010.04.21 12:55:27.651,0.9954,0.9958,2.40,2.40
2010.04.21 12:55:30.159,0.9955,0.9958,2.40,2.40
2010.04.21 12:55:33.248,0.9955,0.9959,2.40,2.40
2010.04.21 12:55:39.780,0.9955,0.9958,2.40,2.40
2010.04.21 12:55:40.576,0.9956,0.9959,2.40,2.40
2010.04.21 12:55:43.726,0.9955,0.9958,2.40,2.40
2010.04.21 12:55:45.875,0.9955,0.9959,2.40,2.40
2010.04.21 12:55:46.682,0.9955,0.9958,2.40,2.40
2010.04.21 12:55:46.828,0.9955,0.9959,2.40,2.40
2010.04.21 12:55:47.172,0.9955,0.9958,2.40,2.40
2010.04.21 12:55:49.583,0.9954,0.9957,2.40,2.40
2010.04.21 12:55:49.765,0.9955,0.9958,2.40,2.40
2010.04.21 12:55:50.304,0.9954,0.9957,2.40,2.40
2010.04.21 12:55:51.969,0.9954,0.9958,2.40,2.40
2010.04.21 12:55:52.164,0.9954,0.9957,2.40,2.40
2010.04.21 12:55:52.933,0.9954,0.9958,2.40,2.40
2010.04.21 12:55:55.496,0.9954,0.9957,2.40,2.40
2010.04.21 12:55:57.712,0.9955,0.9958,2.40,2.40
2010.04.21 12:55:59.187,0.9954,0.9957,2.40,2.40
2010.04.21 12:55:59.377,0.9955,0.9958,2.40,2.40
2010.04.21 12:56:00.776,0.9954,0.9957,2.40,2.40
2010.04.21 12:56:08.520,0.9955,0.9958,2.40,2.40
2010.04.21 12:56:11.929,0.9954,0.9957,2.40,2.40
2010.04.21 12:56:13.238,0.9955,0.9958,2.40,2.40
2010.04.21 12:56:16.158,0.9954,0.9957,2.40,2.40
2010.04.21 12:56:18.932,0.9954,0.9958,2.40,2.40
2010.04.21 12:56:19.218,0.9955,0.9958,2.40,2.40
2010.04.21 12:56:20.028,0.9954,0.9958,2.40,2.40
2010.04.21 12:56:21.117,0.9955,0.9958,2.40,2.40
2010.04.21 12:56:21.367,0.9954,0.9957,2.40,2.40
2010.04.21 12:56:23.981,0.9954,0.9958,2.40,2.40
2010.04.21 12:56:24.136,0.9954,0.9957,2.40,2.40
2010.04.21 12:56:24.776,0.9955,0.9958,2.40,2.40
2010.04.21 12:56:25.096,0.9954,0.9957,2.40,2.40
2010.04.21 12:56:29.516,0.9954,0.9958,2.40,2.40
2010.04.21 12:56:30.644,0.9954,0.9957,2.40,2.40
2010.04.21 12:56:35.564,0.9954,0.9958,2.40,2.40
2010.04.21 12:56:37.632,0.9955,0.9958,2.40,2.40
2010.04.21 12:56:40.363,0.9954,0.9957,2.40,2.40
2010.04.21 12:56:41.891,0.9953,0.9957,2.40,2.40
2010.04.21 12:56:42.232,0.9954,0.9957,2.40,2.40
2010.04.21 12:56:43.720,0.9954,0.9958,2.40,2.40
2010.04.21 12:56:45.412,0.9953,0.9956,2.40,2.40
2010.04.21 12:56:45.592,0.9954,0.9957,2.40,2.40
2010.04.21 12:56:51.971,0.9953,0.9956,2.40,2.40
2010.04.21 12:56:59.019,0.9954,0.9957,2.40,2.40
2010.04.21 12:56:59.688,0.9953,0.9956,2.40,2.40
2010.04.21 12:57:08.655,0.9954,0.9957,2.40,2.40
2010.04.21 12:57:09.820,0.9953,0.9956,2.40,2.40
2010.04.21 12:57:10.568,0.9954,0.9957,2.40,2.40
2010.04.21 12:57:11.855,0.9953,0.9956,2.40,2.40
2010.04.21 12:57:13.377,0.9954,0.9956,2.40,2.40
2010.04.21 12:57:13.635,0.9954,0.9957,2.40,2.40
2010.04.21 12:57:16.567,0.9953,0.9956,2.40,2.40
2010.04.21 12:57:18.403,0.9954,0.9957,2.40,2.40
2010.04.21 12:57:19.143,0.9953,0.9956,2.40,2.40
2010.04.21 12:57:19.303,0.9954,0.9957,2.40,2.40
2010.04.21 12:57:19.482,0.9954,0.9956,2.40,2.40
2010.04.21 12:57:20.253,0.9955,0.9958,2.40,2.40
2010.04.21 12:57:20.572,0.9954,0.9957,2.40,2.40
2010.04.21 12:57:20.892,0.9955,0.9958,2.40,2.40
2010.04.21 12:57:32.930,0.9954,0.9957,2.40,2.40
2010.04.21 12:57:36.509,0.9955,0.9958,2.40,2.40
2010.04.21 12:57:39.009,0.9954,0.9957,2.40,2.40
2010.04.21 12:57:40.220,0.9955,0.9958,2.40,2.40
2010.04.21 12:57:41.845,0.9954,0.9957,2.40,2.40
2010.04.21 12:57:42.347,0.9955,0.9958,2.40,2.40
2010.04.21 12:57:44.982,0.9954,0.9957,2.40,2.40
2010.04.21 12:57:48.306,0.9953,0.9956,2.40,2.40
2010.04.21 12:57:48.648,0.9954,0.9957,2.40,2.40
2010.04.21 12:57:51.700,0.9953,0.9956,2.40,2.40
2010.04.21 12:57:52.656,0.9954,0.9956,2.40,2.40
2010.04.21 12:57:54.122,0.9953,0.9956,2.40,2.40
2010.04.21 12:57:55.946,0.9954,0.9957,2.40,2.40
2010.04.21 12:57:57.259,0.9953,0.9956,2.40,2.40
2010.04.21 12:57:57.593,0.9954,0.9957,2.40,2.40
2010.04.21 12:58:02.373,0.9953,0.9956,2.40,2.40
2010.04.21 12:58:07.786,0.9952,0.9955,2.40,2.40
2010.04.21 12:58:09.533,0.9953,0.9956,2.40,2.40
2010.04.21 12:58:11.920,0.9954,0.9956,2.40,2.40
2010.04.21 12:58:14.322,0.9954,0.9957,2.40,2.40
2010.04.21 12:58:14.892,0.9953,0.9957,2.40,2.40
2010.04.21 12:58:14.936,0.9954,0.9957,2.40,2.40
2010.04.21 12:58:19.298,0.9954,0.9956,2.40,2.40
2010.04.21 12:58:19.677,0.9954,0.9957,2.40,2.40
2010.04.21 12:58:25.067,0.9953,0.9957,2.40,2.40
2010.04.21 12:58:25.926,0.9954,0.9957,2.40,2.40
2010.04.21 12:58:27.726,0.9953,0.9957,2.40,2.40
2010.04.21 12:58:29.463,0.9954,0.9957,2.40,2.40
2010.04.21 12:58:29.500,0.9953,0.9957,2.40,2.40
2010.04.21 12:58:30.377,0.9952,0.9955,2.40,2.40
2010.04.21 12:58:30.932,0.9954,0.9956,2.40,2.40
2010.04.21 12:58:31.276,0.9954,0.9957,2.40,2.40
2010.04.21 12:58:44.761,0.9954,0.9956,2.40,2.40
2010.04.21 12:58:44.871,0.9953,0.9956,2.40,2.40
2010.04.21 12:58:47.322,0.9954,0.9957,2.40,2.40
2010.04.21 12:58:57.530,0.9955,0.9958,2.40,2.40
2010.04.21 12:58:59.160,0.9954,0.9957,2.40,2.40
2010.04.21 12:59:02.728,0.9955,0.9958,2.40,2.40
2010.04.21 12:59:04.597,0.9954,0.9957,2.40,2.40
2010.04.21 12:59:06.765,0.9955,0.9958,2.40,2.40
2010.04.21 12:59:08.856,0.9954,0.9958,2.40,2.40
2010.04.21 12:59:09.026,0.9954,0.9957,2.40,2.40
2010.04.21 12:59:15.625,0.9955,0.9958,2.40,2.40
2010.04.21 12:59:16.825,0.9954,0.9958,2.40,2.40
2010.04.21 12:59:17.505,0.9955,0.9958,2.40,2.40
2010.04.21 12:59:18.294,0.9955,0.9957,2.40,2.40
2010.04.21 12:59:18.584,0.9954,0.9957,2.40,2.40
2010.04.21 12:59:19.504,0.9953,0.9956,2.40,2.40
2010.04.21 12:59:19.603,0.9954,0.9957,2.40,2.40
2010.04.21 12:59:20.734,0.9955,0.9958,2.40,2.40
2010.04.21 12:59:22.513,0.9954,0.9957,2.40,2.40
2010.04.21 12:59:23.293,0.9955,0.9958,2.40,2.40
2010.04.21 12:59:26.673,0.9954,0.9957,2.40,2.40
2010.04.21 12:59:29.721,0.9953,0.9956,2.40,2.40
2010.04.21 12:59:31.541,0.9952,0.9955,2.40,2.40
2010.04.21 12:59:32.251,0.9953,0.9956,2.40,2.40
2010.04.21 12:59:33.462,0.9952,0.9956,2.40,2.40
2010.04.21 12:59:34.790,0.9952,0.9955,2.40,2.40
2010.04.21 12:59:34.930,0.9952,0.9956,2.40,2.40
2010.04.21 12:59:36.120,0.9952,0.9955,2.40,2.40
2010.04.21 12:59:40.749,0.9951,0.9954,2.40,2.40
2010.04.21 12:59:42.207,0.9952,0.9955,2.40,2.40
2010.04.21 12:59:44.669,0.9951,0.9954,2.40,2.40
2010.04.21 12:59:44.878,0.9952,0.9955,2.40,2.40
2010.04.21 12:59:45.229,0.9951,0.9954,2.40,2.40
2010.04.21 12:59:46.488,0.9952,0.9955,2.40,2.40
2010.04.21 12:59:48.747,0.995,0.9953,2.40,2.40
2010.04.21 12:59:49.047,0.9951,0.9953,2.40,2.40
2010.04.21 12:59:49.196,0.9951,0.9954,2.40,2.40
2010.04.21 12:59:49.887,0.9951,0.9953,2.40,2.40
2010.04.21 12:59:53.461,0.9951,0.9954,2.40,2.40
2010.04.21 12:59:57.045,0.9952,0.9955,2.40,2.40
2010.04.21 12:59:57.956,0.9953,0.9956,2.40,2.40
2010.04.21 12:59:58.294,0.9952,0.9955,2.40,2.40
2010.04.21 12:59:58.635,0.9951,0.9954,2.40,2.40
2010.04.21 12:59:59.516,0.9952,0.9955,2.40,2.40
