2016.11.01 20:00:00.105,0.74645,0.74669,1.12,2.62
2016.11.01 20:00:00.353,0.74649,0.74669,1.00,2.62
2016.11.01 20:00:00.454,0.74645,0.7467,2.85,1.75
2016.11.01 20:00:00.606,0.74645,0.74667,1.37,2.25
2016.11.01 20:00:00.656,0.7464,0.74667,1.75,2.62
2016.11.01 20:00:00.935,0.74645,0.74667,1.00,2.62
2016.11.01 20:00:01.044,0.7464,0.74667,1.75,2.62
2016.11.01 20:00:01.146,0.7465,0.74667,1.00,2.62
2016.11.01 20:00:01.196,0.7465,0.74663,1.00,1.00
2016.11.01 20:00:01.300,0.7465,0.74669,1.37,2.25
2016.11.01 20:00:01.350,0.74646,0.74674,2.62,3.37
2016.11.01 20:00:01.401,0.74645,0.74673,6.00,2.62
2016.11.01 20:00:01.942,0.7465,0.74674,1.50,2.62
2016.11.01 20:00:03.452,0.7465,0.74672,1.37,1.75
2016.11.01 20:00:03.553,0.74649,0.74668,1.00,1.00
2016.11.01 20:00:03.603,0.74649,0.74671,1.00,3.37
2016.11.01 20:00:03.755,0.74645,0.7467,1.75,2.62
2016.11.01 20:00:06.922,0.74645,0.74669,1.12,2.62
2016.11.01 20:00:07.959,0.74645,0.74666,1.00,2.62
2016.11.01 20:00:10.172,0.74644,0.74666,1.00,2.62
2016.11.01 20:00:10.253,0.74644,0.74668,1.50,2.62
2016.11.01 20:00:10.787,0.7465,0.74668,1.00,2.62
2016.11.01 20:00:10.938,0.7465,0.74667,1.00,1.00
2016.11.01 20:00:12.253,0.7465,0.74673,1.37,2.62
2016.11.01 20:00:12.802,0.74649,0.74674,1.50,2.62
2016.11.01 20:00:12.938,0.74655,0.74672,1.00,2.62
2016.11.01 20:00:12.989,0.7465,0.74672,1.12,2.62
2016.11.01 20:00:13.493,0.7465,0.74673,1.12,2.62
2016.11.01 20:00:15.359,0.7465,0.7467,1.37,1.00
2016.11.01 20:00:15.712,0.74655,0.74675,1.00,2.62
2016.11.01 20:00:15.813,0.74655,0.74677,1.00,2.62
2016.11.01 20:00:16.441,0.74655,0.7468,1.75,2.62
2016.11.01 20:00:16.849,0.74655,0.74678,1.50,2.62
2016.11.01 20:00:17.448,0.74655,0.74678,1.12,2.62
2016.11.01 20:00:24.284,0.7466,0.74678,1.00,2.62
2016.11.01 20:00:24.386,0.74659,0.74683,1.50,2.62
2016.11.01 20:00:25.362,0.7466,0.74682,1.00,2.62
2016.11.01 20:00:25.881,0.74655,0.74682,1.75,2.62
2016.11.01 20:00:26.096,0.7466,0.74682,1.00,2.62
2016.11.01 20:00:26.298,0.74659,0.74683,1.50,2.62
2016.11.01 20:00:31.075,0.74659,0.74682,1.00,2.62
2016.11.01 20:00:32.621,0.74655,0.74682,1.75,2.62
2016.11.01 20:00:33.084,0.7466,0.74682,1.00,2.62
2016.11.01 20:00:33.599,0.74655,0.74682,1.75,2.62
2016.11.01 20:00:33.801,0.74655,0.74679,1.50,2.62
2016.11.01 20:00:34.104,0.7465,0.74675,1.75,2.62
2016.11.01 20:00:35.216,0.7465,0.74677,1.75,1.75
2016.11.01 20:00:35.368,0.74654,0.74674,1.37,1.00
2016.11.01 20:00:36.915,0.74659,0.74679,1.00,2.62
2016.11.01 20:00:37.116,0.74659,0.74687,1.75,4.12
2016.11.01 20:00:37.345,0.74659,0.74685,1.75,2.62
2016.11.01 20:00:39.978,0.74659,0.74687,1.75,3.37
2016.11.01 20:00:40.385,0.7466,0.74684,1.12,2.62
2016.11.01 20:00:40.687,0.74654,0.7468,1.75,2.62
2016.11.01 20:00:41.029,0.74654,0.74682,3.37,2.62
2016.11.01 20:00:42.144,0.7466,0.74682,1.00,2.62
2016.11.01 20:00:42.195,0.74662,0.74682,1.00,1.00
2016.11.01 20:00:44.701,0.7466,0.74684,1.50,2.62
2016.11.01 20:00:45.296,0.7466,0.74682,1.00,2.62
2016.11.01 20:00:45.498,0.7466,0.74685,1.50,2.62
2016.11.01 20:00:46.897,0.7466,0.74686,1.75,3.37
2016.11.01 20:00:47.517,0.7466,0.74681,1.12,1.50
2016.11.01 20:00:47.619,0.7466,0.74681,1.00,2.62
2016.11.01 20:00:48.244,0.74659,0.74681,1.00,2.62
2016.11.01 20:00:48.397,0.74659,0.74681,1.12,1.75
2016.11.01 20:00:48.599,0.74655,0.74679,1.12,2.62
2016.11.01 20:00:49.623,0.74655,0.74682,1.75,3.37
2016.11.01 20:00:49.926,0.74655,0.74679,1.50,1.75
2016.11.01 20:00:50.495,0.74655,0.74678,1.37,2.62
2016.11.01 20:00:51.100,0.74655,0.74677,1.00,2.62
2016.11.01 20:00:53.438,0.74655,0.74677,1.60,2.62
2016.11.01 20:00:53.691,0.74661,0.74681,1.00,1.00
2016.11.01 20:00:54.709,0.7466,0.74682,1.50,2.62
2016.11.01 20:00:54.861,0.74655,0.74677,1.12,2.62
2016.11.01 20:00:56.158,0.74655,0.74677,1.00,2.62
2016.11.01 20:00:56.706,0.74654,0.74672,1.00,1.00
2016.11.01 20:00:58.445,0.74655,0.74672,1.00,1.00
2016.11.01 20:00:58.950,0.74654,0.74672,1.00,1.00
2016.11.01 20:00:59.550,0.74655,0.74672,1.00,1.00
2016.11.01 20:01:01.601,0.74655,0.74678,1.12,2.62
2016.11.01 20:01:02.832,0.74655,0.74679,1.37,2.62
2016.11.01 20:01:02.933,0.7466,0.74678,1.00,1.00
2016.11.01 20:01:06.470,0.74659,0.74684,1.75,3.37
2016.11.01 20:01:20.504,0.7466,0.74685,1.75,1.75
2016.11.01 20:01:20.806,0.7466,0.74685,1.50,3.37
2016.11.01 20:01:25.198,0.7466,0.74685,1.50,1.75
2016.11.01 20:01:25.753,0.7466,0.74685,1.75,1.75
2016.11.01 20:01:30.515,0.74665,0.74686,1.37,1.75
2016.11.01 20:01:30.566,0.74665,0.74688,1.50,1.75
2016.11.01 20:01:33.097,0.74664,0.74689,1.50,2.62
2016.11.01 20:01:33.650,0.74664,0.74684,1.50,1.00
2016.11.01 20:01:37.821,0.74665,0.74685,1.00,2.62
2016.11.01 20:01:38.151,0.74665,0.74683,1.00,2.62
2016.11.01 20:01:38.202,0.7466,0.74683,1.00,2.62
2016.11.01 20:01:43.796,0.74665,0.74683,1.00,2.62
2016.11.01 20:01:44.305,0.74665,0.74684,1.00,2.62
2016.11.01 20:01:44.356,0.74665,0.7468,1.00,1.00
2016.11.01 20:01:47.703,0.74664,0.7468,1.00,1.00
2016.11.01 20:01:48.350,0.74664,0.74686,1.00,2.62
2016.11.01 20:01:48.401,0.74669,0.74686,1.00,2.62
2016.11.01 20:01:48.985,0.7467,0.74686,1.00,2.62
2016.11.01 20:01:50.193,0.74664,0.74686,1.00,2.62
2016.11.01 20:01:51.729,0.74665,0.74686,1.00,2.62
2016.11.01 20:01:52.142,0.74665,0.74685,1.00,2.62
2016.11.01 20:01:52.448,0.7467,0.74685,1.00,2.62
2016.11.01 20:01:52.499,0.74665,0.74685,1.00,2.62
2016.11.01 20:01:53.047,0.74664,0.74685,1.00,2.62
2016.11.01 20:01:53.631,0.7467,0.74685,1.00,2.62
2016.11.01 20:02:03.027,0.74664,0.74685,1.00,2.62
2016.11.01 20:02:04.246,0.7467,0.74685,1.00,2.62
2016.11.01 20:02:06.511,0.74665,0.74685,1.00,2.62
2016.11.01 20:02:07.041,0.74665,0.74687,1.00,4.50
2016.11.01 20:02:07.597,0.74665,0.74687,1.00,2.62
2016.11.01 20:02:08.344,0.7467,0.74687,1.00,2.62
2016.11.01 20:02:10.816,0.74664,0.74687,1.00,2.62
2016.11.01 20:02:13.419,0.7467,0.74687,1.00,2.62
2016.11.01 20:02:14.539,0.74664,0.74687,1.00,2.62
2016.11.01 20:02:14.741,0.74669,0.74687,1.00,2.62
2016.11.01 20:02:15.043,0.74675,0.74687,1.00,2.62
2016.11.01 20:02:15.196,0.74675,0.74687,1.00,1.00
2016.11.01 20:02:18.771,0.74674,0.74687,1.00,1.00
2016.11.01 20:02:20.048,0.74675,0.74687,1.00,1.00
2016.11.01 20:02:21.351,0.7467,0.74687,1.00,1.00
2016.11.01 20:02:21.452,0.74675,0.74687,1.00,1.00
2016.11.01 20:02:21.755,0.74679,0.74693,1.00,2.62
2016.11.01 20:02:21.932,0.74679,0.74694,1.00,2.62
2016.11.01 20:02:21.983,0.74674,0.74694,1.00,2.62
2016.11.01 20:02:22.336,0.7468,0.74694,1.00,2.62
2016.11.01 20:02:22.386,0.7468,0.74692,1.00,1.00
2016.11.01 20:02:22.898,0.7468,0.74698,1.00,2.62
2016.11.01 20:02:23.638,0.74679,0.74698,1.00,2.62
2016.11.01 20:02:24.169,0.7468,0.74698,1.00,2.62
2016.11.01 20:02:27.242,0.74674,0.74698,1.50,2.62
2016.11.01 20:02:27.658,0.7468,0.74692,1.00,1.00
2016.11.01 20:02:29.797,0.7468,0.74694,1.00,1.00
2016.11.01 20:02:30.299,0.74679,0.74694,1.00,1.00
2016.11.01 20:02:31.106,0.7468,0.74694,1.00,1.00
2016.11.01 20:02:35.295,0.74679,0.74694,1.00,1.00
2016.11.01 20:02:35.406,0.7468,0.74696,1.00,2.62
2016.11.01 20:02:35.456,0.74675,0.74696,1.00,2.62
2016.11.01 20:02:35.710,0.74674,0.74693,1.00,2.62
2016.11.01 20:02:36.294,0.74675,0.74693,1.00,2.62
2016.11.01 20:02:36.800,0.74675,0.74692,1.00,2.62
2016.11.01 20:02:37.276,0.74669,0.74692,1.12,2.62
2016.11.01 20:02:38.248,0.74669,0.74692,1.12,4.50
2016.11.01 20:02:38.749,0.74669,0.74691,1.00,2.62
2016.11.01 20:02:39.359,0.7467,0.74691,1.00,2.62
2016.11.01 20:02:45.767,0.74669,0.74691,1.00,2.62
2016.11.01 20:02:51.772,0.74669,0.74692,1.12,2.62
2016.11.01 20:02:51.930,0.7467,0.7469,1.00,1.00
2016.11.01 20:02:52.795,0.74675,0.7469,1.00,1.00
2016.11.01 20:02:54.006,0.74674,0.7469,1.00,1.00
2016.11.01 20:02:54.543,0.74675,0.7469,1.00,1.00
2016.11.01 20:02:55.058,0.74674,0.7469,1.00,1.00
2016.11.01 20:02:57.196,0.74675,0.7469,1.00,1.00
2016.11.01 20:02:58.253,0.74675,0.74696,1.00,2.62
2016.11.01 20:02:59.196,0.74675,0.74696,1.00,4.50
2016.11.01 20:02:59.792,0.74675,0.74695,1.00,2.62
2016.11.01 20:03:01.281,0.7467,0.74695,1.75,2.62
2016.11.01 20:03:01.802,0.74675,0.74695,1.00,2.62
2016.11.01 20:03:02.460,0.74675,0.74696,1.00,2.62
2016.11.01 20:03:02.994,0.7468,0.747,1.00,3.37
2016.11.01 20:03:03.225,0.74675,0.747,1.75,3.37
2016.11.01 20:03:05.087,0.7468,0.747,1.00,2.62
2016.11.01 20:03:05.698,0.74674,0.747,1.75,2.62
2016.11.01 20:03:05.988,0.7468,0.747,1.00,2.62
2016.11.01 20:03:06.689,0.74675,0.747,1.75,2.62
2016.11.01 20:03:09.504,0.7468,0.747,1.00,2.62
2016.11.01 20:03:11.897,0.74675,0.747,1.75,2.62
2016.11.01 20:03:11.998,0.7468,0.747,1.00,2.62
2016.11.01 20:03:12.200,0.74675,0.74702,1.75,3.37
2016.11.01 20:03:12.402,0.74674,0.74698,2.10,2.62
2016.11.01 20:03:17.598,0.7467,0.74696,1.75,2.62
2016.11.01 20:03:17.946,0.74675,0.74696,1.00,2.62
2016.11.01 20:03:24.409,0.74674,0.74696,1.00,2.62
2016.11.01 20:03:25.611,0.74675,0.74696,1.00,2.62
2016.11.01 20:03:30.246,0.74674,0.74696,1.00,2.62
2016.11.01 20:03:32.568,0.7468,0.74696,1.00,2.62
2016.11.01 20:03:34.253,0.74675,0.74696,1.00,2.62
2016.11.01 20:03:37.821,0.7468,0.74696,1.00,2.62
2016.11.01 20:03:38.322,0.74679,0.74696,1.00,2.62
2016.11.01 20:03:40.150,0.74675,0.74696,1.00,2.62
2016.11.01 20:03:40.628,0.7468,0.74698,1.00,2.62
2016.11.01 20:03:40.830,0.74679,0.74699,1.00,2.62
2016.11.01 20:03:41.341,0.7468,0.74697,1.00,2.62
2016.11.01 20:03:42.853,0.7467,0.74697,1.75,2.62
2016.11.01 20:03:46.921,0.7467,0.74696,1.75,2.62
2016.11.01 20:03:46.972,0.7467,0.74695,1.75,2.62
2016.11.01 20:03:47.145,0.74675,0.74695,1.00,2.62
2016.11.01 20:03:48.266,0.74669,0.74695,1.75,2.62
2016.11.01 20:03:49.556,0.74675,0.74695,1.00,2.62
2016.11.01 20:03:49.716,0.7467,0.74695,1.75,2.62
2016.11.01 20:03:57.478,0.7467,0.74693,1.12,2.62
2016.11.01 20:04:04.605,0.74671,0.74691,1.00,1.00
2016.11.01 20:04:13.372,0.74669,0.74695,1.50,2.62
2016.11.01 20:04:13.422,0.74669,0.74689,1.50,1.00
2016.11.01 20:04:14.045,0.7467,0.74689,1.00,1.00
2016.11.01 20:04:14.393,0.7467,0.74695,1.50,2.62
2016.11.01 20:04:16.784,0.7467,0.74695,1.37,4.50
2016.11.01 20:04:17.112,0.7467,0.74693,1.00,2.62
2016.11.01 20:04:17.700,0.74669,0.74693,1.12,2.62
2016.11.01 20:04:18.205,0.7467,0.74693,1.00,2.62
2016.11.01 20:04:22.123,0.74667,0.74693,1.35,2.62
2016.11.01 20:04:23.415,0.74665,0.74685,2.10,1.00
2016.11.01 20:04:30.124,0.74665,0.74685,1.50,1.00
2016.11.01 20:04:46.957,0.74664,0.74688,1.75,2.62
2016.11.01 20:05:12.354,0.74665,0.74688,1.37,2.62
2016.11.01 20:05:12.626,0.7467,0.74687,1.00,2.62
2016.11.01 20:05:14.629,0.74665,0.74687,1.00,2.62
2016.11.01 20:05:20.694,0.74665,0.74688,1.37,2.62
2016.11.01 20:05:21.257,0.74665,0.74689,1.50,2.62
2016.11.01 20:05:35.216,0.7467,0.74689,1.00,2.62
2016.11.01 20:05:37.489,0.74664,0.74684,1.50,1.00
2016.11.01 20:05:38.039,0.74665,0.74684,1.00,1.00
2016.11.01 20:05:38.320,0.74665,0.74687,1.00,1.75
2016.11.01 20:05:38.371,0.7466,0.74685,1.75,1.75
2016.11.01 20:05:38.472,0.7466,0.74684,1.12,2.62
2016.11.01 20:05:56.001,0.7466,0.74679,1.00,1.00
2016.11.01 20:05:56.317,0.7466,0.74682,1.00,2.62
2016.11.01 20:05:56.418,0.74657,0.74682,1.67,2.62
2016.11.01 20:05:59.195,0.7466,0.74682,1.00,2.62
2016.11.01 20:06:00.200,0.7466,0.74683,1.12,2.62
2016.11.01 20:06:00.261,0.7466,0.74684,1.75,4.12
2016.11.01 20:06:01.778,0.74665,0.74684,1.00,2.62
2016.11.01 20:06:01.879,0.74665,0.74687,1.00,3.37
2016.11.01 20:06:11.235,0.74664,0.74686,1.12,1.75
2016.11.01 20:06:26.911,0.74664,0.74685,1.00,2.62
2016.11.01 20:06:33.350,0.7466,0.74685,1.75,2.62
2016.11.01 20:06:48.322,0.74665,0.74686,1.00,3.37
2016.11.01 20:06:51.554,0.7466,0.74686,1.75,3.37
2016.11.01 20:06:51.605,0.7466,0.7468,1.50,1.00
2016.11.01 20:06:56.770,0.74665,0.7468,1.00,1.00
2016.11.01 20:06:59.160,0.7466,0.7468,1.50,1.00
2016.11.01 20:07:06.984,0.7466,0.7468,1.50,1.00
2016.11.01 20:07:16.906,0.74665,0.74685,1.00,1.75
2016.11.01 20:07:17.057,0.74662,0.74689,2.62,1.75
2016.11.01 20:07:17.214,0.74665,0.74686,1.00,1.75
2016.11.01 20:07:27.640,0.74665,0.74689,1.50,2.62
2016.11.01 20:07:28.066,0.74665,0.74687,1.00,2.62
2016.11.01 20:07:29.371,0.74659,0.74687,2.10,2.62
2016.11.01 20:07:40.583,0.74665,0.74687,1.00,2.62
2016.11.01 20:07:40.885,0.7466,0.74687,1.75,2.62
2016.11.01 20:07:44.748,0.74662,0.74685,1.00,2.62
2016.11.01 20:07:46.892,0.74665,0.74685,1.00,2.62
2016.11.01 20:07:46.993,0.74659,0.74685,1.75,2.62
2016.11.01 20:07:47.095,0.74661,0.74687,1.75,2.62
2016.11.01 20:07:47.398,0.74665,0.7469,1.50,2.62
2016.11.01 20:07:47.704,0.74665,0.74687,1.00,2.62
2016.11.01 20:07:50.495,0.74659,0.74687,3.37,2.62
2016.11.01 20:07:51.818,0.74665,0.74687,1.00,2.62
2016.11.01 20:07:54.844,0.7466,0.74687,1.75,2.62
2016.11.01 20:07:58.642,0.74665,0.74687,1.00,2.62
2016.11.01 20:07:58.743,0.7466,0.74682,1.12,2.62
2016.11.01 20:08:09.914,0.74656,0.74676,1.00,1.00
2016.11.01 20:08:10.016,0.74654,0.74675,1.00,2.62
2016.11.01 20:08:10.542,0.74655,0.74675,1.00,2.62
2016.11.01 20:08:12.764,0.74654,0.74675,1.00,2.62
2016.11.01 20:08:16.567,0.74655,0.74675,1.00,2.62
2016.11.01 20:08:16.718,0.74655,0.74678,1.12,2.62
2016.11.01 20:08:28.050,0.7466,0.74678,1.00,2.62
2016.11.01 20:08:28.151,0.7466,0.74682,1.00,2.62
2016.11.01 20:08:28.219,0.7466,0.7468,1.00,2.62
2016.11.01 20:08:28.269,0.74655,0.7468,1.75,2.62
2016.11.01 20:08:39.028,0.74655,0.74679,1.37,2.62
2016.11.01 20:08:39.079,0.74655,0.74678,1.12,2.62
2016.11.01 20:08:45.741,0.74652,0.74678,1.35,4.50
2016.11.01 20:08:45.792,0.74653,0.74672,1.00,1.00
2016.11.01 20:08:45.995,0.74652,0.74675,1.30,2.62
2016.11.01 20:08:46.939,0.74652,0.74675,1.67,2.62
2016.11.01 20:08:47.448,0.74652,0.74676,1.35,2.62
2016.11.01 20:08:49.770,0.74654,0.74674,1.00,1.00
2016.11.01 20:08:57.399,0.74655,0.74674,1.00,1.00
2016.11.01 20:08:58.587,0.74654,0.74674,1.50,1.00
2016.11.01 20:08:59.090,0.74655,0.74674,1.00,1.00
2016.11.01 20:09:03.995,0.74656,0.74676,1.00,1.00
2016.11.01 20:09:04.097,0.74654,0.74677,1.12,2.62
2016.11.01 20:09:04.797,0.74655,0.74677,1.00,2.62
2016.11.01 20:09:13.086,0.7465,0.74675,1.75,1.75
2016.11.01 20:09:13.490,0.7465,0.7467,1.00,2.62
2016.11.01 20:09:13.695,0.74645,0.7467,1.75,2.62
2016.11.01 20:09:14.790,0.7465,0.7467,1.00,2.62
2016.11.01 20:09:24.207,0.74649,0.7467,1.00,2.62
2016.11.01 20:09:24.751,0.7465,0.7467,1.00,2.62
2016.11.01 20:09:29.363,0.7465,0.74666,1.00,2.62
2016.11.01 20:09:29.413,0.74645,0.74666,1.00,2.62
2016.11.01 20:09:29.464,0.74645,0.74667,1.00,2.62
2016.11.01 20:09:29.565,0.74644,0.7467,1.75,2.62
2016.11.01 20:09:29.616,0.7465,0.7467,1.00,2.62
2016.11.01 20:09:29.925,0.7465,0.74668,1.00,2.62
2016.11.01 20:09:30.026,0.74645,0.74662,1.00,1.00
2016.11.01 20:09:36.796,0.74645,0.74668,1.12,2.62
2016.11.01 20:09:43.892,0.74645,0.7467,1.37,3.37
2016.11.01 20:09:44.000,0.74645,0.74671,1.75,2.62
2016.11.01 20:09:44.519,0.74645,0.74672,1.75,2.62
2016.11.01 20:09:44.956,0.7465,0.7467,1.00,1.00
2016.11.01 20:09:45.007,0.74647,0.7467,1.67,2.62
2016.11.01 20:09:45.057,0.74645,0.7467,1.75,2.62
2016.11.01 20:09:46.270,0.74645,0.74668,1.37,2.62
2016.11.01 20:09:46.789,0.74645,0.74668,1.00,2.62
2016.11.01 20:09:56.781,0.74645,0.74669,1.37,4.50
2016.11.01 20:09:57.328,0.74645,0.74669,1.50,2.62
2016.11.01 20:10:00.408,0.74645,0.74668,1.12,2.62
2016.11.01 20:10:00.941,0.74644,0.74668,1.12,2.62
2016.11.01 20:10:11.150,0.74645,0.74668,1.00,2.62
2016.11.01 20:10:11.767,0.7464,0.74668,1.75,2.62
2016.11.01 20:10:13.958,0.74645,0.74668,1.00,2.62
2016.11.01 20:10:17.951,0.74644,0.74667,1.12,2.62
2016.11.01 20:10:20.854,0.74645,0.74667,1.00,2.62
2016.11.01 20:10:27.747,0.74645,0.74668,1.12,2.62
2016.11.01 20:10:28.269,0.7464,0.74667,1.75,2.62
2016.11.01 20:10:29.192,0.74645,0.74667,1.00,2.62
2016.11.01 20:10:29.506,0.7465,0.74672,1.00,2.62
2016.11.01 20:10:36.746,0.7465,0.74673,1.37,4.50
2016.11.01 20:10:37.291,0.7465,0.74673,1.37,2.62
2016.11.01 20:10:38.791,0.7465,0.74672,1.00,2.62
2016.11.01 20:10:39.340,0.74649,0.74672,1.12,2.62
2016.11.01 20:10:42.682,0.74645,0.7467,1.75,2.62
2016.11.01 20:11:06.903,0.74644,0.74668,1.75,2.62
2016.11.01 20:11:30.366,0.74645,0.74672,1.75,2.62
2016.11.01 20:11:35.821,0.74645,0.74672,1.75,2.62
2016.11.01 20:11:35.935,0.74645,0.74673,3.37,3.37
2016.11.01 20:11:56.881,0.74645,0.74672,1.75,2.62
2016.11.01 20:12:10.717,0.74645,0.74672,1.75,4.50
2016.11.01 20:12:10.845,0.74644,0.74671,1.75,2.62
2016.11.01 20:12:11.018,0.74644,0.74672,3.37,2.62
2016.11.01 20:12:11.332,0.74644,0.74672,1.75,2.62
2016.11.01 20:12:13.778,0.74644,0.74672,1.75,2.62
2016.11.01 20:12:14.413,0.74644,0.74672,1.75,2.62
2016.11.01 20:12:31.641,0.74644,0.74673,3.37,2.62
2016.11.01 20:12:40.342,0.74644,0.74671,1.75,2.62
2016.11.01 20:12:40.859,0.74644,0.74671,1.75,2.62
2016.11.01 20:12:56.796,0.74645,0.7467,1.75,2.62
2016.11.01 20:12:57.944,0.74645,0.7467,1.75,2.62
2016.11.01 20:12:57.995,0.74648,0.74668,1.00,1.00
2016.11.01 20:13:16.832,0.74645,0.74672,1.75,2.62
2016.11.01 20:13:19.917,0.7465,0.74672,1.00,2.62
2016.11.01 20:13:20.068,0.7465,0.74672,1.37,2.62
2016.11.01 20:13:20.119,0.7465,0.74677,1.75,2.62
2016.11.01 20:13:22.694,0.74649,0.74675,3.37,2.62
2016.11.01 20:13:22.745,0.74649,0.74674,1.75,2.62
2016.11.01 20:13:28.623,0.74648,0.7467,2.62,1.00
2016.11.01 20:13:30.043,0.7465,0.74678,1.75,2.62
2016.11.01 20:13:30.094,0.7465,0.74676,1.75,2.62
2016.11.01 20:13:30.738,0.7465,0.74675,1.75,2.62
2016.11.01 20:13:43.245,0.7465,0.74677,1.75,2.62
2016.11.01 20:13:43.856,0.7465,0.74669,1.00,1.00
2016.11.01 20:13:45.845,0.74645,0.74672,1.75,2.62
2016.11.01 20:13:46.365,0.74644,0.74671,1.75,2.62
2016.11.01 20:13:53.467,0.74642,0.74669,3.37,2.62
2016.11.01 20:13:54.139,0.74642,0.74669,1.75,2.62
2016.11.01 20:13:58.278,0.74642,0.7467,3.37,1.75
2016.11.01 20:14:02.294,0.74645,0.7467,1.75,1.75
2016.11.01 20:14:02.395,0.74647,0.74667,1.00,1.00
2016.11.01 20:14:07.231,0.74641,0.74668,2.62,2.62
2016.11.01 20:14:07.282,0.7464,0.74668,4.12,2.62
2016.11.01 20:14:13.312,0.74639,0.74665,1.75,1.75
2016.11.01 20:14:31.672,0.7464,0.74667,1.75,2.62
2016.11.01 20:14:33.976,0.74642,0.74666,1.00,2.62
2016.11.01 20:14:51.861,0.74636,0.74664,3.37,2.62
2016.11.01 20:14:52.591,0.74636,0.74664,1.75,2.62
2016.11.01 20:15:06.884,0.74635,0.74661,1.75,2.62
2016.11.01 20:15:10.991,0.74636,0.74662,2.62,2.62
2016.11.01 20:15:11.048,0.74636,0.74663,2.62,1.75
2016.11.01 20:15:26.916,0.74638,0.74665,2.62,1.75
2016.11.01 20:15:30.302,0.7464,0.74665,1.75,1.75
2016.11.01 20:15:30.353,0.7464,0.74665,3.37,1.75
2016.11.01 20:15:45.956,0.74645,0.74669,1.50,2.62
2016.11.01 20:15:47.891,0.74645,0.74668,1.00,2.62
2016.11.01 20:15:48.400,0.7464,0.74668,2.25,2.62
2016.11.01 20:16:04.368,0.7464,0.74666,2.25,2.62
2016.11.01 20:16:04.888,0.7464,0.74666,2.25,2.62
2016.11.01 20:16:15.824,0.7464,0.74667,1.75,2.62
2016.11.01 20:16:31.929,0.7464,0.74667,1.75,2.62
2016.11.01 20:16:32.490,0.7464,0.74667,1.75,2.62
2016.11.01 20:16:46.931,0.7464,0.74662,1.75,1.00
2016.11.01 20:17:26.790,0.74643,0.74666,1.00,2.62
2016.11.01 20:17:41.546,0.7464,0.74663,1.12,2.62
2016.11.01 20:17:49.563,0.74643,0.74668,1.35,2.62
2016.11.01 20:18:12.323,0.7464,0.7466,1.50,1.00
2016.11.01 20:18:12.374,0.7464,0.74662,1.00,2.62
2016.11.01 20:18:12.940,0.74639,0.74662,1.12,2.62
2016.11.01 20:18:29.625,0.74637,0.74659,1.50,1.00
2016.11.01 20:18:29.965,0.74637,0.74662,1.75,2.62
2016.11.01 20:18:32.613,0.74632,0.7466,2.62,3.22
2016.11.01 20:18:32.714,0.74635,0.74653,1.00,1.00
2016.11.01 20:18:32.815,0.7463,0.74655,1.75,2.62
2016.11.01 20:18:33.154,0.7463,0.74653,1.00,2.62
2016.11.01 20:18:44.047,0.74626,0.74646,1.00,1.00
2016.11.01 20:18:44.249,0.74625,0.74647,1.00,2.62
2016.11.01 20:18:44.561,0.74624,0.74646,1.00,2.62
2016.11.01 20:18:45.148,0.74625,0.74646,1.00,2.62
2016.11.01 20:18:49.922,0.74621,0.74646,1.67,2.62
2016.11.01 20:18:57.333,0.7462,0.7464,1.00,2.62
2016.11.01 20:19:02.861,0.74616,0.7464,1.37,2.62
2016.11.01 20:19:03.475,0.74616,0.74642,1.75,2.62
2016.11.01 20:19:17.779,0.74616,0.7464,1.50,2.62
2016.11.01 20:19:18.148,0.7462,0.7464,1.00,2.62
2016.11.01 20:19:22.796,0.74616,0.7464,2.10,2.62
2016.11.01 20:19:26.117,0.74616,0.7464,1.50,2.62
2016.11.01 20:19:26.167,0.7462,0.7464,1.00,2.62
2016.11.01 20:19:26.318,0.7462,0.74638,1.00,1.00
2016.11.01 20:19:26.852,0.7462,0.74644,1.50,2.62
2016.11.01 20:19:37.816,0.74618,0.74644,3.37,1.75
2016.11.01 20:19:37.968,0.74615,0.74641,1.75,2.62
2016.11.01 20:19:38.018,0.74615,0.74639,1.50,2.62
2016.11.01 20:19:38.069,0.74615,0.74639,1.12,2.62
2016.11.01 20:19:46.894,0.74615,0.74639,1.37,2.62
2016.11.01 20:19:47.501,0.74615,0.74639,1.75,2.62
2016.11.01 20:19:52.082,0.7462,0.74639,1.00,2.62
2016.11.01 20:19:58.689,0.74615,0.74639,1.75,2.62
2016.11.01 20:20:00.331,0.7462,0.74643,1.12,4.12
2016.11.01 20:20:00.432,0.74622,0.74642,1.00,1.00
2016.11.01 20:20:00.541,0.7462,0.74644,1.50,2.62
2016.11.01 20:20:07.859,0.7462,0.74645,1.75,2.62
2016.11.01 20:20:20.337,0.7462,0.74644,1.75,2.62
2016.11.01 20:20:20.890,0.7462,0.74644,1.50,2.62
2016.11.01 20:20:36.810,0.7462,0.74645,1.50,2.62
2016.11.01 20:21:16.861,0.7462,0.74644,1.50,2.62
2016.11.01 20:21:36.891,0.7462,0.74644,1.75,2.62
2016.11.01 20:21:37.539,0.74619,0.74644,2.25,2.62
2016.11.01 20:21:37.590,0.74623,0.74643,1.00,1.00
2016.11.01 20:21:56.816,0.74619,0.74647,3.37,2.62
2016.11.01 20:22:07.714,0.74622,0.74645,1.00,2.62
2016.11.01 20:22:19.016,0.7462,0.74646,1.75,2.62
2016.11.01 20:22:19.080,0.74623,0.74643,1.00,1.00
2016.11.01 20:22:27.725,0.74619,0.74644,1.75,2.62
2016.11.01 20:22:46.968,0.7462,0.74645,1.50,2.62
2016.11.01 20:23:06.903,0.74619,0.74644,1.75,2.62
2016.11.01 20:23:26.932,0.7462,0.7464,1.50,1.00
2016.11.01 20:23:43.860,0.7462,0.74644,1.50,2.62
2016.11.01 20:24:04.488,0.74621,0.74645,1.37,2.62
2016.11.01 20:24:04.662,0.74621,0.74648,1.75,2.62
2016.11.01 20:24:26.889,0.74625,0.74644,1.00,1.00
2016.11.01 20:24:46.911,0.74625,0.74644,1.37,1.00
2016.11.01 20:24:59.836,0.7462,0.74647,2.25,2.62
2016.11.01 20:24:59.937,0.74622,0.74642,1.00,1.00
2016.11.01 20:25:00.347,0.74625,0.74642,1.00,1.00
2016.11.01 20:25:04.019,0.74625,0.74648,1.12,2.62
2016.11.01 20:25:25.210,0.74625,0.74644,1.37,1.00
2016.11.01 20:25:46.937,0.74625,0.74645,1.00,1.00
2016.11.01 20:25:56.549,0.7462,0.74647,2.85,2.62
2016.11.01 20:25:57.058,0.7462,0.74647,2.85,2.62
2016.11.01 20:26:09.323,0.74625,0.74647,1.00,2.62
2016.11.01 20:26:09.846,0.74625,0.74648,1.37,2.62
2016.11.01 20:26:10.149,0.74624,0.74648,1.00,2.62
2016.11.01 20:26:11.455,0.74622,0.74646,1.30,2.62
2016.11.01 20:26:21.593,0.74622,0.74648,1.35,2.62
2016.11.01 20:26:21.880,0.74622,0.74648,1.30,2.62
2016.11.01 20:26:26.385,0.74622,0.74648,1.35,2.62
2016.11.01 20:26:27.154,0.74622,0.74648,2.10,4.50
2016.11.01 20:26:27.205,0.74622,0.74647,2.10,2.62
2016.11.01 20:26:37.798,0.74622,0.74648,1.35,2.62
2016.11.01 20:26:57.120,0.74623,0.74647,1.00,2.62
2016.11.01 20:27:03.305,0.74625,0.74647,1.00,2.62
2016.11.01 20:27:03.611,0.74622,0.74647,1.67,2.62
2016.11.01 20:27:04.247,0.7462,0.7464,1.60,1.00
2016.11.01 20:27:07.096,0.74622,0.74642,1.35,1.00
2016.11.01 20:27:13.893,0.74624,0.74642,1.00,1.00
2016.11.01 20:27:16.388,0.74622,0.74642,1.35,1.00
2016.11.01 20:27:21.593,0.74625,0.74642,1.00,1.00
2016.11.01 20:27:22.042,0.74622,0.74642,1.35,1.00
2016.11.01 20:27:22.495,0.74624,0.74642,1.00,1.00
2016.11.01 20:27:23.094,0.74622,0.74642,1.35,1.00
2016.11.01 20:27:26.963,0.74622,0.74642,1.67,1.00
2016.11.01 20:27:27.898,0.74625,0.74647,1.00,2.62
2016.11.01 20:27:29.700,0.74622,0.74647,1.35,2.62
2016.11.01 20:27:33.403,0.74625,0.74647,1.00,2.62
2016.11.01 20:27:34.396,0.74622,0.74647,1.35,2.62
2016.11.01 20:27:34.999,0.74625,0.74647,1.00,2.62
2016.11.01 20:27:46.905,0.74625,0.74648,1.00,2.62
2016.11.01 20:27:47.541,0.74625,0.74649,1.00,2.62
2016.11.01 20:27:50.913,0.74625,0.74642,1.00,2.25
2016.11.01 20:27:51.064,0.74615,0.74642,1.75,2.62
2016.11.01 20:27:53.334,0.74619,0.74645,1.50,3.37
2016.11.01 20:27:56.742,0.74624,0.74645,1.00,2.62
2016.11.01 20:27:57.391,0.74624,0.74638,1.00,1.00
2016.11.01 20:27:59.329,0.7462,0.74638,1.00,1.00
2016.11.01 20:28:09.639,0.74618,0.74638,1.00,1.00
2016.11.01 20:28:12.080,0.7462,0.74638,1.00,1.00
2016.11.01 20:28:12.635,0.7462,0.74641,1.00,2.62
2016.11.01 20:28:12.787,0.74615,0.74641,2.10,2.62
2016.11.01 20:28:13.174,0.74618,0.74638,1.00,1.00
2016.11.01 20:28:13.343,0.7462,0.74638,1.00,1.00
2016.11.01 20:28:15.970,0.74619,0.74638,1.00,1.00
2016.11.01 20:28:16.664,0.74625,0.74644,1.00,2.62
2016.11.01 20:28:16.765,0.74625,0.74646,1.00,2.62
2016.11.01 20:28:22.654,0.74619,0.74646,1.75,2.62
2016.11.01 20:28:26.158,0.74625,0.74646,1.00,2.62
2016.11.01 20:28:33.381,0.7462,0.74646,1.75,2.62
2016.11.01 20:28:33.684,0.74625,0.74649,1.37,2.62
2016.11.01 20:28:34.490,0.74625,0.7465,1.50,2.62
2016.11.01 20:28:46.194,0.74625,0.74649,1.12,2.62
2016.11.01 20:29:04.719,0.74624,0.74644,1.50,1.00
2016.11.01 20:29:06.904,0.74624,0.74648,1.75,2.62
2016.11.01 20:29:10.352,0.7462,0.74647,1.75,2.62
2016.11.01 20:29:12.636,0.74624,0.74647,1.35,2.62
2016.11.01 20:29:12.837,0.7463,0.74657,1.75,2.62
2016.11.01 20:29:12.939,0.7463,0.74655,1.75,2.62
2016.11.01 20:29:25.252,0.74635,0.74655,1.00,2.62
2016.11.01 20:29:27.019,0.7463,0.74655,1.75,2.62
2016.11.01 20:29:56.773,0.74631,0.74654,1.00,2.62
2016.11.01 20:30:00.086,0.7463,0.74656,1.00,2.25
2016.11.01 20:30:00.187,0.7463,0.74659,1.00,1.75
2016.11.01 20:30:00.757,0.74629,0.74659,1.00,2.25
2016.11.01 20:30:01.198,0.74626,0.74655,1.60,1.00
2016.11.01 20:30:01.451,0.7463,0.74659,1.00,1.75
2016.11.01 20:30:03.478,0.74625,0.74655,1.12,1.37
2016.11.01 20:30:04.046,0.74625,0.74655,1.00,1.75
2016.11.01 20:30:04.198,0.7462,0.7465,1.12,1.00
2016.11.01 20:30:05.086,0.7462,0.7465,1.00,1.37
2016.11.01 20:30:05.187,0.74625,0.74654,1.00,1.75
2016.11.01 20:30:06.095,0.74625,0.74653,1.00,1.75
2016.11.01 20:30:06.146,0.74625,0.74654,1.00,1.75
2016.11.01 20:30:08.130,0.74625,0.74654,1.00,1.75
2016.11.01 20:30:08.181,0.74619,0.74651,1.50,1.50
2016.11.01 20:30:08.265,0.74625,0.74654,1.00,1.75
2016.11.01 20:30:08.766,0.74624,0.74654,1.00,1.75
2016.11.01 20:30:09.610,0.74624,0.74654,1.00,1.75
2016.11.01 20:30:10.001,0.74619,0.74651,1.12,1.12
2016.11.01 20:30:10.268,0.74625,0.74654,1.00,1.75
2016.11.01 20:30:12.116,0.7462,0.7465,1.00,1.00
2016.11.01 20:30:12.774,0.74625,0.74653,1.00,1.75
2016.11.01 20:30:13.394,0.74619,0.74651,1.12,1.12
2016.11.01 20:30:13.573,0.74625,0.74653,1.00,1.75
2016.11.01 20:30:18.242,0.74625,0.74652,1.00,1.00
2016.11.01 20:30:18.574,0.74625,0.74654,1.00,1.75
2016.11.01 20:30:19.317,0.74624,0.74654,1.00,1.75
2016.11.01 20:30:20.128,0.7463,0.74654,1.00,1.75
2016.11.01 20:30:20.551,0.7463,0.74656,1.00,2.25
2016.11.01 20:30:21.486,0.74629,0.74656,1.00,2.25
2016.11.01 20:30:22.989,0.7463,0.74657,1.00,3.00
2016.11.01 20:30:23.844,0.7463,0.74656,1.00,1.75
2016.11.01 20:30:24.046,0.7463,0.7466,1.00,1.75
2016.11.01 20:30:24.157,0.7463,0.7466,1.00,1.50
2016.11.01 20:30:24.409,0.74635,0.74663,1.00,1.75
2016.11.01 20:30:25.093,0.7463,0.7466,1.00,1.50
2016.11.01 20:30:38.911,0.74635,0.74662,1.00,1.75
2016.11.01 20:30:41.829,0.7463,0.7466,1.00,1.50
2016.11.01 20:30:41.930,0.74635,0.74663,1.00,1.75
2016.11.01 20:30:45.636,0.74634,0.74663,1.00,1.75
2016.11.01 20:30:48.623,0.7463,0.7466,1.00,1.37
2016.11.01 20:30:48.924,0.74635,0.74663,1.00,1.75
2016.11.01 20:30:55.031,0.74629,0.74661,1.00,2.25
2016.11.01 20:30:58.950,0.7463,0.7466,1.00,1.37
2016.11.01 20:30:59.000,0.7463,0.7466,1.00,1.75
2016.11.01 20:31:01.541,0.74635,0.74661,1.00,2.25
2016.11.01 20:31:09.950,0.74629,0.74659,1.00,1.50
2016.11.01 20:31:11.555,0.74634,0.74659,1.00,1.50
2016.11.01 20:31:12.899,0.74635,0.74659,1.00,1.50
2016.11.01 20:31:17.361,0.7463,0.74659,1.00,1.75
2016.11.01 20:31:37.805,0.74629,0.7466,1.00,2.25
2016.11.01 20:31:38.336,0.7463,0.7466,1.00,3.00
2016.11.01 20:31:38.990,0.74629,0.7466,1.00,2.25
2016.11.01 20:31:41.586,0.74634,0.7466,1.00,2.25
2016.11.01 20:31:42.012,0.7463,0.7466,1.00,3.00
2016.11.01 20:31:46.012,0.74629,0.74659,1.00,1.75
2016.11.01 20:31:48.894,0.7463,0.74659,1.00,1.75
2016.11.01 20:31:56.945,0.7463,0.74659,1.00,1.75
2016.11.01 20:32:13.507,0.7463,0.7466,1.00,1.75
2016.11.01 20:32:13.558,0.7463,0.7466,1.00,1.37
2016.11.01 20:32:13.608,0.7463,0.7466,1.00,1.37
2016.11.01 20:32:16.068,0.74635,0.74661,1.00,1.50
2016.11.01 20:32:16.119,0.74635,0.74661,1.00,1.50
2016.11.01 20:32:17.227,0.74634,0.74663,1.00,3.75
2016.11.01 20:32:17.988,0.74635,0.74663,1.00,3.75
2016.11.01 20:32:18.751,0.74634,0.74663,1.00,3.75
2016.11.01 20:32:21.631,0.74635,0.74663,1.00,3.75
2016.11.01 20:32:26.158,0.74634,0.74663,1.00,1.75
2016.11.01 20:32:26.259,0.74629,0.74661,1.00,1.50
2016.11.01 20:32:29.965,0.7463,0.7466,1.00,1.37
2016.11.01 20:32:33.091,0.74635,0.74663,1.00,1.75
2016.11.01 20:32:36.841,0.74635,0.74663,1.00,1.75
2016.11.01 20:32:40.751,0.74625,0.74663,1.75,1.75
2016.11.01 20:32:41.197,0.74635,0.74663,1.00,1.75
2016.11.01 20:32:41.386,0.7463,0.7466,1.00,1.75
2016.11.01 20:32:41.487,0.7463,0.7466,1.12,1.12
2016.11.01 20:32:42.431,0.7463,0.7466,1.00,1.50
2016.11.01 20:32:42.943,0.7463,0.74659,1.00,1.75
2016.11.01 20:32:44.891,0.74629,0.74659,1.00,2.25
2016.11.01 20:32:45.385,0.7463,0.74659,1.00,2.25
2016.11.01 20:32:46.483,0.7463,0.7466,1.00,2.25
2016.11.01 20:32:53.564,0.74629,0.74659,1.00,1.75
2016.11.01 20:32:54.120,0.7463,0.74659,1.00,1.75
2016.11.01 20:32:55.155,0.74629,0.74659,1.00,1.75
2016.11.01 20:32:55.693,0.7463,0.74659,1.00,1.75
2016.11.01 20:33:00.918,0.7463,0.74659,1.00,2.25
2016.11.01 20:33:01.425,0.7463,0.74658,1.00,1.75
2016.11.01 20:33:02.997,0.7463,0.74658,1.00,1.00
2016.11.01 20:33:03.587,0.7463,0.74659,1.00,1.00
2016.11.01 20:33:07.889,0.74629,0.74659,1.00,1.50
2016.11.01 20:33:09.029,0.7463,0.74659,1.00,1.50
2016.11.01 20:33:09.180,0.7463,0.74657,1.00,1.50
2016.11.01 20:33:09.861,0.7463,0.74656,1.00,1.00
2016.11.01 20:33:10.142,0.7463,0.7466,1.00,2.25
2016.11.01 20:33:10.852,0.7463,0.74659,1.00,1.00
2016.11.01 20:33:11.353,0.7463,0.7466,1.00,1.50
2016.11.01 20:33:11.403,0.74635,0.7466,1.00,1.00
2016.11.01 20:33:12.172,0.74635,0.74659,1.00,1.00
2016.11.01 20:33:13.491,0.74629,0.74659,1.00,1.00
2016.11.01 20:33:13.603,0.74634,0.74659,1.00,1.00
2016.11.01 20:33:13.733,0.7463,0.74659,1.00,1.00
2016.11.01 20:33:13.834,0.74635,0.74662,1.00,1.00
2016.11.01 20:33:13.884,0.74635,0.74665,1.00,1.00
2016.11.01 20:33:13.985,0.74634,0.74663,1.00,1.00
2016.11.01 20:33:14.193,0.7463,0.7466,1.00,1.00
2016.11.01 20:33:14.696,0.74635,0.74662,1.00,1.50
2016.11.01 20:33:14.747,0.74635,0.74664,1.00,1.00
2016.11.01 20:33:17.028,0.74634,0.74664,1.00,1.00
2016.11.01 20:33:17.397,0.7464,0.74668,1.00,2.25
2016.11.01 20:33:20.666,0.7464,0.74667,1.00,1.00
2016.11.01 20:33:21.044,0.74635,0.74665,1.00,1.00
2016.11.01 20:33:25.536,0.7463,0.7466,1.00,1.00
2016.11.01 20:33:26.007,0.74634,0.74666,1.00,1.50
2016.11.01 20:33:26.307,0.74629,0.74661,1.50,1.00
2016.11.01 20:33:27.239,0.74629,0.74661,2.10,1.00
2016.11.01 20:33:27.541,0.74635,0.74663,1.00,1.00
2016.11.01 20:33:28.075,0.74635,0.74662,1.00,1.00
2016.11.01 20:33:30.506,0.74635,0.74663,1.00,1.00
2016.11.01 20:33:32.892,0.74635,0.74662,1.00,1.00
2016.11.01 20:33:37.040,0.74631,0.7466,1.00,1.00
2016.11.01 20:33:37.668,0.74632,0.7466,1.00,1.00
2016.11.01 20:33:38.542,0.74634,0.74662,1.00,1.50
2016.11.01 20:33:38.643,0.7464,0.7467,1.50,1.00
2016.11.01 20:33:38.744,0.74645,0.74675,1.00,1.00
2016.11.01 20:33:39.091,0.7465,0.7468,1.00,1.00
2016.11.01 20:33:47.832,0.7465,0.74675,1.00,1.00
2016.11.01 20:33:49.134,0.7465,0.74681,1.00,1.00
2016.11.01 20:33:51.311,0.74651,0.74681,1.00,1.00
2016.11.01 20:33:53.881,0.74651,0.74675,1.00,1.00
2016.11.01 20:33:54.251,0.74651,0.74681,1.00,1.00
2016.11.01 20:33:54.834,0.74652,0.74681,1.00,1.00
2016.11.01 20:34:00.614,0.74651,0.74681,1.00,1.00
2016.11.01 20:34:01.442,0.7465,0.74681,1.00,1.00
2016.11.01 20:34:01.991,0.7465,0.7468,1.50,1.00
2016.11.01 20:34:02.758,0.7465,0.74681,1.00,1.00
2016.11.01 20:34:03.850,0.74649,0.74681,1.50,1.00
2016.11.01 20:34:07.654,0.74649,0.74675,1.00,1.00
2016.11.01 20:34:07.854,0.7465,0.7468,1.00,1.00
2016.11.01 20:34:08.655,0.74649,0.74675,1.00,1.00
2016.11.01 20:34:17.348,0.7465,0.7468,1.00,1.00
2016.11.01 20:34:17.714,0.74655,0.74685,1.00,1.50
2016.11.01 20:34:22.696,0.74654,0.74686,1.00,1.00
2016.11.01 20:34:23.205,0.74655,0.74685,1.50,1.00
2016.11.01 20:34:24.568,0.74656,0.74685,1.00,1.00
2016.11.01 20:34:24.899,0.74658,0.74685,1.00,1.00
2016.11.01 20:34:25.692,0.74658,0.74686,1.00,1.00
2016.11.01 20:34:25.793,0.74655,0.74686,1.00,1.00
2016.11.01 20:34:26.351,0.74657,0.74686,1.00,1.00
2016.11.01 20:34:26.986,0.74654,0.74686,1.50,1.00
2016.11.01 20:34:27.551,0.74655,0.74685,1.00,1.00
2016.11.01 20:34:27.703,0.74655,0.7468,1.00,1.00
2016.11.01 20:34:31.459,0.74652,0.7468,1.00,1.00
2016.11.01 20:34:33.062,0.74654,0.7468,1.00,1.00
2016.11.01 20:34:37.886,0.74655,0.74684,1.00,1.50
2016.11.01 20:34:39.988,0.74654,0.7468,1.00,1.00
2016.11.01 20:34:40.318,0.74655,0.74684,1.00,1.50
2016.11.01 20:34:41.973,0.74655,0.74685,1.00,1.50
2016.11.01 20:34:45.015,0.7466,0.74687,1.00,1.00
2016.11.01 20:34:45.116,0.7466,0.74689,1.00,1.00
2016.11.01 20:34:45.224,0.74654,0.74686,1.00,1.00
2016.11.01 20:34:50.740,0.74655,0.74685,1.00,1.00
2016.11.01 20:34:51.280,0.74654,0.74686,1.00,1.00
2016.11.01 20:35:05.750,0.74655,0.74685,1.00,1.00
2016.11.01 20:35:07.459,0.74655,0.74684,1.00,1.50
2016.11.01 20:35:07.848,0.74654,0.74686,1.00,2.25
2016.11.01 20:35:09.669,0.74655,0.74685,1.00,1.00
2016.11.01 20:35:20.780,0.74655,0.74684,1.00,1.00
2016.11.01 20:35:21.391,0.74654,0.74684,1.00,1.50
2016.11.01 20:35:21.553,0.74653,0.7468,1.00,1.00
2016.11.01 20:35:21.654,0.74651,0.7468,1.50,1.00
2016.11.01 20:35:22.144,0.74653,0.7468,1.00,1.00
2016.11.01 20:35:22.468,0.7465,0.7468,1.00,1.00
2016.11.01 20:35:28.550,0.74655,0.74684,1.00,1.00
2016.11.01 20:35:30.095,0.7465,0.7468,1.00,1.00
2016.11.01 20:35:51.277,0.74655,0.74682,1.00,1.00
2016.11.01 20:35:52.984,0.7465,0.7468,1.50,1.00
2016.11.01 20:35:53.191,0.7465,0.74677,1.00,1.00
2016.11.01 20:35:53.493,0.74655,0.74681,1.00,1.00
2016.11.01 20:35:53.816,0.74649,0.74681,1.00,1.00
2016.11.01 20:35:54.081,0.74655,0.74682,1.00,1.00
2016.11.01 20:35:54.525,0.7465,0.7468,1.00,1.00
2016.11.01 20:35:57.997,0.74655,0.74682,1.00,1.00
2016.11.01 20:35:58.485,0.7465,0.7468,1.00,1.00
2016.11.01 20:36:05.992,0.74649,0.74681,1.00,1.00
2016.11.01 20:36:07.294,0.7465,0.7468,1.00,1.00
2016.11.01 20:36:13.210,0.74649,0.74681,1.00,1.00
2016.11.01 20:36:18.106,0.7465,0.7468,1.00,1.00
2016.11.01 20:36:34.251,0.7465,0.74679,1.00,1.00
2016.11.01 20:36:39.660,0.7465,0.7468,1.00,1.50
2016.11.01 20:36:43.343,0.74649,0.74681,1.00,1.50
2016.11.01 20:36:48.347,0.7465,0.7468,1.00,1.00
2016.11.01 20:36:52.668,0.7465,0.74681,1.00,1.50
2016.11.01 20:36:53.282,0.74649,0.74681,1.50,1.00
2016.11.01 20:36:55.252,0.7465,0.7468,1.00,1.00
2016.11.01 20:37:04.963,0.74649,0.74681,1.50,1.00
2016.11.01 20:37:06.998,0.7465,0.7468,1.00,1.00
2016.11.01 20:37:10.268,0.74649,0.74681,1.50,1.00
2016.11.01 20:37:11.070,0.7465,0.7468,1.00,1.00
2016.11.01 20:37:11.620,0.74649,0.74679,1.00,1.00
2016.11.01 20:37:11.971,0.74643,0.7468,1.12,1.00
2016.11.01 20:37:16.877,0.74649,0.7468,1.00,1.00
2016.11.01 20:37:17.381,0.7465,0.7468,1.00,1.50
2016.11.01 20:37:18.830,0.7465,0.74677,1.00,1.00
2016.11.01 20:37:22.285,0.74645,0.74675,1.00,1.00
2016.11.01 20:37:29.293,0.7465,0.74677,1.00,1.00
2016.11.01 20:37:53.593,0.7465,0.74678,1.00,1.00
2016.11.01 20:38:01.393,0.7465,0.74677,1.00,1.00
2016.11.01 20:38:29.245,0.7465,0.74678,1.00,1.00
2016.11.01 20:38:46.682,0.74649,0.74678,1.00,1.00
2016.11.01 20:38:47.364,0.7465,0.74678,1.00,1.00
2016.11.01 20:38:49.886,0.74649,0.74678,1.00,1.00
2016.11.01 20:38:50.396,0.74649,0.74679,1.00,1.00
2016.11.01 20:38:51.526,0.7465,0.74679,1.00,1.00
2016.11.01 20:38:54.171,0.7465,0.74678,1.00,1.00
2016.11.01 20:38:57.712,0.74649,0.74678,1.00,1.00
2016.11.01 20:38:58.914,0.7465,0.74678,1.00,1.00
2016.11.01 20:39:00.350,0.74649,0.74678,1.00,1.00
2016.11.01 20:39:06.570,0.74655,0.74678,1.00,1.00
2016.11.01 20:39:06.671,0.7465,0.74678,1.00,1.00
2016.11.01 20:39:07.263,0.74649,0.74678,1.00,1.00
2016.11.01 20:39:08.125,0.7465,0.74678,1.00,1.00
2016.11.01 20:39:14.148,0.74649,0.74678,1.00,1.00
2016.11.01 20:39:16.473,0.7465,0.74678,1.00,1.00
2016.11.01 20:39:19.983,0.74649,0.74678,1.00,1.00
2016.11.01 20:39:20.116,0.74649,0.7468,1.00,1.00
2016.11.01 20:39:26.927,0.74649,0.74678,1.00,1.00
2016.11.01 20:39:27.348,0.7465,0.7468,1.00,1.50
2016.11.01 20:39:27.894,0.74649,0.7468,1.00,1.00
2016.11.01 20:39:38.463,0.7465,0.7468,1.00,1.50
2016.11.01 20:39:38.863,0.74645,0.74675,1.00,1.00
2016.11.01 20:39:49.218,0.7465,0.74679,1.00,1.00
2016.11.01 20:39:49.290,0.74644,0.74676,1.00,1.00
2016.11.01 20:39:49.953,0.74645,0.74675,1.00,1.00
2016.11.01 20:39:52.477,0.7465,0.74679,1.00,1.00
2016.11.01 20:39:57.296,0.7465,0.7468,1.00,1.00
2016.11.01 20:40:04.122,0.74649,0.74681,1.00,2.25
2016.11.01 20:40:05.196,0.74655,0.74681,1.00,1.50
2016.11.01 20:40:05.800,0.74654,0.74681,1.00,1.50
2016.11.01 20:40:06.346,0.74655,0.7468,1.00,1.00
2016.11.01 20:40:07.501,0.74649,0.74679,1.00,1.00
2016.11.01 20:40:09.113,0.7465,0.74679,1.00,1.00
2016.11.01 20:40:15.149,0.74649,0.74679,1.00,1.00
2016.11.01 20:40:16.047,0.7465,0.74679,1.00,1.00
2016.11.01 20:40:18.647,0.74655,0.74681,1.00,1.50
2016.11.01 20:40:25.943,0.7465,0.7468,1.00,1.00
2016.11.01 20:40:36.248,0.7465,0.74679,1.00,1.00
2016.11.01 20:40:37.137,0.74649,0.74679,1.00,1.00
2016.11.01 20:40:38.232,0.74655,0.74679,1.00,1.00
2016.11.01 20:40:38.834,0.7465,0.74679,1.00,1.00
2016.11.01 20:40:41.836,0.74655,0.74679,1.00,1.00
2016.11.01 20:40:46.342,0.7465,0.74679,1.00,1.00
2016.11.01 20:41:01.176,0.74645,0.74675,1.00,1.00
2016.11.01 20:41:04.894,0.7465,0.74678,1.00,1.50
2016.11.01 20:41:05.365,0.74645,0.74675,1.00,1.00
2016.11.01 20:41:05.697,0.7465,0.74678,1.00,1.50
2016.11.01 20:41:21.888,0.74645,0.74675,1.00,1.00
2016.11.01 20:41:21.939,0.74645,0.74672,1.00,1.00
2016.11.01 20:41:22.477,0.74645,0.74673,1.00,1.00
2016.11.01 20:41:23.781,0.7464,0.7467,1.00,1.00
2016.11.01 20:41:30.133,0.74639,0.74671,1.00,1.00
2016.11.01 20:41:30.340,0.7464,0.74668,1.00,1.00
2016.11.01 20:41:32.624,0.7464,0.74669,1.00,1.00
2016.11.01 20:41:46.989,0.7464,0.74667,1.00,1.00
2016.11.01 20:42:02.245,0.74639,0.74667,1.00,1.00
2016.11.01 20:42:02.626,0.74632,0.74667,2.10,1.00
2016.11.01 20:42:04.105,0.74632,0.74668,1.60,1.00
2016.11.01 20:42:08.175,0.74639,0.74668,1.00,1.00
2016.11.01 20:42:13.543,0.7464,0.74668,1.00,1.50
2016.11.01 20:42:24.055,0.74645,0.74668,1.00,1.35
2016.11.01 20:42:24.152,0.74639,0.74668,1.00,1.35
2016.11.01 20:42:24.691,0.7464,0.74669,1.00,1.00
2016.11.01 20:42:25.086,0.7464,0.74669,1.00,1.60
2016.11.01 20:42:27.821,0.7464,0.74669,1.00,1.50
2016.11.01 20:42:35.245,0.7464,0.74667,1.00,1.00
2016.11.01 20:42:44.766,0.74639,0.74667,1.00,1.00
2016.11.01 20:42:53.587,0.7464,0.74667,1.00,1.00
2016.11.01 20:42:53.688,0.74635,0.74665,1.00,1.00
2016.11.01 20:42:53.774,0.74639,0.74667,1.00,1.00
2016.11.01 20:42:54.525,0.7464,0.74667,1.00,1.00
2016.11.01 20:43:06.311,0.74639,0.74667,1.00,1.00
2016.11.01 20:43:09.494,0.74635,0.74665,1.00,1.00
2016.11.01 20:43:09.998,0.74635,0.74664,1.00,1.50
2016.11.01 20:43:10.750,0.74635,0.74663,1.00,1.00
2016.11.01 20:43:13.807,0.74635,0.74665,1.00,1.00
2016.11.01 20:43:16.425,0.7464,0.74666,1.00,1.50
2016.11.01 20:43:18.198,0.74634,0.74666,1.00,2.25
2016.11.01 20:43:20.208,0.74639,0.74666,1.00,1.50
2016.11.01 20:43:22.341,0.74635,0.74665,1.00,1.00
2016.11.01 20:43:22.544,0.7464,0.74666,1.00,1.50
2016.11.01 20:43:23.324,0.7464,0.74667,1.00,1.00
2016.11.01 20:43:26.706,0.74639,0.74667,1.00,1.00
2016.11.01 20:43:27.908,0.7464,0.74667,1.00,1.00
2016.11.01 20:43:28.493,0.7464,0.74669,1.00,1.00
2016.11.01 20:43:34.522,0.74639,0.74669,1.00,1.50
2016.11.01 20:43:35.269,0.7464,0.74669,1.00,1.50
2016.11.01 20:43:36.311,0.7464,0.74668,1.00,1.00
2016.11.01 20:43:38.429,0.7464,0.74669,1.00,2.25
2016.11.01 20:43:41.352,0.74639,0.74669,1.00,2.25
2016.11.01 20:43:42.130,0.7464,0.74669,1.00,2.25
2016.11.01 20:43:45.733,0.7464,0.7467,1.00,1.50
2016.11.01 20:43:51.692,0.7464,0.74669,1.00,1.00
2016.11.01 20:43:53.149,0.74639,0.74669,1.00,1.00
2016.11.01 20:43:53.250,0.74635,0.74665,1.00,1.00
2016.11.01 20:43:53.635,0.7464,0.74666,1.00,1.50
2016.11.01 20:43:54.089,0.7464,0.74664,1.00,1.00
2016.11.01 20:43:54.347,0.7464,0.74666,1.00,1.00
2016.11.01 20:43:54.448,0.7464,0.74669,1.00,1.60
2016.11.01 20:44:05.039,0.7464,0.7467,1.00,1.50
2016.11.01 20:44:05.089,0.74645,0.7467,1.00,1.00
2016.11.01 20:44:05.391,0.74645,0.74673,1.00,2.25
2016.11.01 20:44:05.454,0.74645,0.74671,1.00,1.00
2016.11.01 20:44:07.585,0.74645,0.7467,1.00,1.00
2016.11.01 20:44:11.097,0.74639,0.7467,1.00,1.00
2016.11.01 20:44:11.641,0.7464,0.74669,1.00,1.50
2016.11.01 20:44:15.120,0.7464,0.74669,1.00,2.10
2016.11.01 20:44:15.171,0.74634,0.74666,1.00,2.10
2016.11.01 20:44:15.272,0.7464,0.74664,1.00,1.00
2016.11.01 20:44:15.511,0.7464,0.74667,1.00,1.00
2016.11.01 20:44:16.590,0.7464,0.74669,1.00,1.50
2016.11.01 20:44:21.161,0.7464,0.74669,1.00,1.60
2016.11.01 20:44:21.212,0.74635,0.74665,1.00,1.35
2016.11.01 20:44:21.313,0.74635,0.74663,1.00,1.00
2016.11.01 20:44:23.952,0.74635,0.74659,1.00,1.00
2016.11.01 20:44:24.490,0.74635,0.7466,1.00,1.00
2016.11.01 20:44:25.033,0.74634,0.74662,1.00,1.00
2016.11.01 20:44:25.134,0.74634,0.74665,1.00,1.00
2016.11.01 20:44:25.445,0.74639,0.74667,1.00,1.50
2016.11.01 20:44:28.413,0.74639,0.74666,1.00,1.00
2016.11.01 20:44:31.187,0.7464,0.74666,1.00,1.00
2016.11.01 20:44:31.781,0.7464,0.74665,1.00,1.00
2016.11.01 20:44:32.332,0.74635,0.74665,1.00,1.50
2016.11.01 20:44:42.351,0.74635,0.74664,1.00,1.00
2016.11.01 20:44:45.527,0.74629,0.74663,1.00,1.00
2016.11.01 20:44:48.455,0.7463,0.74663,1.00,1.00
2016.11.01 20:44:50.458,0.7463,0.74664,1.00,1.00
2016.11.01 20:44:52.311,0.74635,0.74664,1.00,1.00
2016.11.01 20:45:00.752,0.7463,0.74662,1.00,1.00
2016.11.01 20:45:01.301,0.74629,0.74663,1.00,1.00
2016.11.01 20:45:02.117,0.7463,0.74663,1.00,1.00
2016.11.01 20:45:02.653,0.74629,0.74662,1.00,1.50
2016.11.01 20:45:08.866,0.7463,0.7466,1.00,2.25
2016.11.01 20:45:09.253,0.7463,0.74657,1.00,1.00
2016.11.01 20:45:10.270,0.74624,0.74653,1.00,1.00
2016.11.01 20:45:10.557,0.74625,0.74651,1.00,1.00
2016.11.01 20:45:11.112,0.74624,0.74651,1.00,1.00
2016.11.01 20:45:13.061,0.74624,0.7465,1.00,1.00
2016.11.01 20:45:14.142,0.74625,0.7465,1.00,1.00
2016.11.01 20:45:22.914,0.74624,0.74651,1.00,1.00
2016.11.01 20:45:23.015,0.74624,0.74653,1.00,1.00
2016.11.01 20:45:24.466,0.74625,0.74653,1.00,1.00
2016.11.01 20:45:25.156,0.74625,0.74652,1.00,1.00
2016.11.01 20:45:29.351,0.74624,0.74652,1.00,1.00
2016.11.01 20:45:35.296,0.74624,0.74651,1.00,1.00
2016.11.01 20:45:36.052,0.74625,0.7465,1.00,1.00
2016.11.01 20:45:37.708,0.74624,0.7465,1.00,1.00
2016.11.01 20:45:45.610,0.74625,0.7465,1.00,1.00
2016.11.01 20:45:57.582,0.74624,0.7465,1.00,1.00
2016.11.01 20:46:03.281,0.74624,0.74648,1.00,1.00
2016.11.01 20:46:08.140,0.74625,0.74648,1.00,1.00
2016.11.01 20:46:08.843,0.74625,0.74649,1.00,1.00
2016.11.01 20:46:09.092,0.74625,0.74651,1.00,1.50
2016.11.01 20:46:10.341,0.74619,0.74651,1.00,2.25
2016.11.01 20:46:10.442,0.74625,0.74651,1.00,1.50
2016.11.01 20:46:12.878,0.74625,0.7465,1.00,1.00
2016.11.01 20:46:13.843,0.7462,0.7465,1.00,1.50
2016.11.01 20:46:15.343,0.74619,0.7465,1.00,1.00
2016.11.01 20:46:16.103,0.7462,0.74649,1.00,1.00
2016.11.01 20:46:19.108,0.7462,0.7465,1.00,1.50
2016.11.01 20:46:20.619,0.74625,0.7465,1.00,1.00
2016.11.01 20:46:20.777,0.7462,0.7465,1.00,1.50
2016.11.01 20:46:28.246,0.74615,0.74645,1.00,1.00
2016.11.01 20:46:36.161,0.74625,0.74649,1.00,1.00
2016.11.01 20:46:36.704,0.74625,0.7465,1.00,1.00
2016.11.01 20:46:55.062,0.7462,0.74645,1.00,1.00
2016.11.01 20:46:55.543,0.74625,0.7465,1.00,1.00
2016.11.01 20:46:56.845,0.7462,0.7465,1.00,1.00
2016.11.01 20:47:03.551,0.7462,0.74645,1.00,1.00
2016.11.01 20:47:04.801,0.74619,0.74651,1.00,1.50
2016.11.01 20:47:07.243,0.74619,0.7465,1.00,1.50
2016.11.01 20:47:14.564,0.7462,0.7465,1.00,2.25
2016.11.01 20:47:18.667,0.7462,0.74649,1.00,1.00
2016.11.01 20:47:30.582,0.74615,0.74645,1.00,1.00
2016.11.01 20:47:33.888,0.74614,0.74646,1.00,1.00
2016.11.01 20:47:37.729,0.7462,0.74649,1.00,1.00
2016.11.01 20:47:45.315,0.74614,0.74646,1.00,1.00
2016.11.01 20:47:48.944,0.7462,0.74648,1.00,1.00
2016.11.01 20:47:52.137,0.7462,0.7465,1.00,1.00
2016.11.01 20:47:56.253,0.7462,0.74652,1.00,1.00
2016.11.01 20:47:56.614,0.74625,0.74653,1.00,1.00
2016.11.01 20:48:00.612,0.74625,0.74654,1.00,1.00
2016.11.01 20:48:03.241,0.74625,0.74655,1.00,1.00
2016.11.01 20:48:03.762,0.74625,0.74656,1.00,1.00
2016.11.01 20:48:08.901,0.74625,0.74651,1.00,1.00
2016.11.01 20:48:08.952,0.74615,0.7465,1.75,1.50
2016.11.01 20:48:09.053,0.74614,0.74643,1.75,1.00
2016.11.01 20:48:09.153,0.74614,0.74644,1.00,1.00
2016.11.01 20:48:09.690,0.74615,0.74643,1.00,1.00
2016.11.01 20:48:14.839,0.74615,0.74642,1.00,1.00
2016.11.01 20:48:14.940,0.74615,0.7464,1.00,1.00
2016.11.01 20:48:18.744,0.7461,0.7464,1.00,1.00
2016.11.01 20:48:18.896,0.7461,0.74637,1.00,1.00
2016.11.01 20:48:19.051,0.7461,0.74639,1.00,1.00
2016.11.01 20:48:19.103,0.7461,0.74637,1.00,1.00
2016.11.01 20:48:19.153,0.74604,0.74635,1.00,1.00
2016.11.01 20:48:19.254,0.74604,0.74639,1.00,1.00
2016.11.01 20:48:19.355,0.7461,0.74639,1.00,1.00
2016.11.01 20:48:22.290,0.7461,0.74638,1.00,1.00
2016.11.01 20:48:22.645,0.7461,0.74636,1.00,1.00
2016.11.01 20:48:23.546,0.74609,0.74636,1.00,1.00
2016.11.01 20:48:24.441,0.7461,0.74636,1.00,1.00
2016.11.01 20:48:27.587,0.7461,0.74635,1.00,1.00
2016.11.01 20:48:28.193,0.7461,0.74638,1.00,1.00
2016.11.01 20:48:29.295,0.746,0.74635,1.00,1.00
2016.11.01 20:48:29.396,0.746,0.74633,1.00,1.00
2016.11.01 20:48:29.714,0.74604,0.74632,1.00,1.00
2016.11.01 20:48:29.864,0.74605,0.74635,1.00,1.50
2016.11.01 20:48:40.314,0.74605,0.74633,1.00,1.00
2016.11.01 20:48:51.737,0.74605,0.7463,1.00,1.00
2016.11.01 20:49:05.707,0.7461,0.7463,1.00,1.00
2016.11.01 20:49:05.834,0.74605,0.74631,1.00,1.00
2016.11.01 20:49:06.144,0.74605,0.74629,1.00,1.00
2016.11.01 20:49:06.642,0.74605,0.74632,1.00,1.50
2016.11.01 20:49:06.917,0.746,0.7463,1.00,1.00
2016.11.01 20:49:07.021,0.74599,0.74628,1.00,1.50
2016.11.01 20:49:07.600,0.74599,0.74627,1.00,1.00
2016.11.01 20:49:09.020,0.746,0.74627,1.00,1.00
2016.11.01 20:49:09.071,0.746,0.7463,1.00,1.00
2016.11.01 20:49:09.222,0.74605,0.74632,1.00,1.50
2016.11.01 20:49:18.907,0.746,0.7463,1.00,1.00
2016.11.01 20:49:19.417,0.74599,0.74631,1.00,1.00
2016.11.01 20:49:20.021,0.746,0.7463,1.00,1.00
2016.11.01 20:49:27.717,0.74605,0.74632,1.00,1.00
2016.11.01 20:49:31.722,0.74604,0.74632,1.00,1.00
2016.11.01 20:49:33.336,0.74605,0.74632,1.00,1.00
2016.11.01 20:49:33.837,0.74604,0.74632,1.00,1.00
2016.11.01 20:49:36.369,0.74599,0.74631,1.00,1.00
2016.11.01 20:49:38.965,0.74605,0.74632,1.00,1.00
2016.11.01 20:49:49.689,0.74605,0.74631,1.00,1.00
2016.11.01 20:49:51.642,0.74604,0.74631,1.00,1.00
2016.11.01 20:50:03.695,0.74605,0.74631,1.00,1.00
2016.11.01 20:50:15.691,0.746,0.7463,1.00,1.00
2016.11.01 20:50:16.325,0.74599,0.74631,1.00,1.50
2016.11.01 20:50:34.433,0.746,0.7463,1.00,1.00
2016.11.01 20:50:39.597,0.74599,0.74631,1.00,1.50
2016.11.01 20:50:40.265,0.746,0.7463,1.00,1.00
2016.11.01 20:50:47.637,0.74604,0.74631,1.00,1.00
2016.11.01 20:50:49.897,0.74604,0.74636,1.00,1.50
2016.11.01 20:50:53.709,0.74605,0.74635,1.00,1.00
2016.11.01 20:50:59.316,0.746,0.7463,1.00,1.00
2016.11.01 20:51:01.845,0.74605,0.74633,1.00,1.00
2016.11.01 20:51:02.485,0.74604,0.74633,1.00,1.00
2016.11.01 20:51:06.390,0.74604,0.74632,1.00,1.00
2016.11.01 20:51:12.164,0.74605,0.74632,1.00,1.00
2016.11.01 20:51:16.503,0.74605,0.7463,1.00,1.00
2016.11.01 20:51:36.233,0.74605,0.74631,1.00,1.00
2016.11.01 20:51:56.608,0.74595,0.74625,1.00,1.00
2016.11.01 20:51:56.708,0.746,0.74626,1.00,1.00
2016.11.01 20:51:56.818,0.74594,0.74626,1.00,1.50
2016.11.01 20:51:56.875,0.74599,0.74626,1.00,1.00
2016.11.01 20:51:57.083,0.74595,0.74625,1.00,1.00
2016.11.01 20:51:58.592,0.74599,0.74626,1.00,1.00
2016.11.01 20:51:58.798,0.74595,0.74625,1.00,1.00
2016.11.01 20:52:01.782,0.746,0.74626,1.00,1.00
2016.11.01 20:52:12.593,0.74599,0.74626,1.00,1.00
2016.11.01 20:52:13.398,0.746,0.74626,1.00,1.00
2016.11.01 20:52:16.357,0.746,0.74628,1.00,1.00
2016.11.01 20:52:16.408,0.746,0.7463,1.00,1.50
2016.11.01 20:52:16.509,0.74604,0.7463,1.00,1.00
2016.11.01 20:52:16.786,0.74604,0.74632,1.00,1.50
2016.11.01 20:52:17.407,0.74605,0.74632,1.00,1.50
2016.11.01 20:52:19.353,0.74599,0.74631,1.00,1.00
2016.11.01 20:52:19.403,0.74604,0.74632,1.00,1.50
2016.11.01 20:52:22.405,0.74605,0.74632,1.00,1.50
2016.11.01 20:52:30.405,0.74605,0.74631,1.00,1.00
2016.11.01 20:52:47.048,0.74605,0.74632,1.00,1.50
2016.11.01 20:52:56.261,0.7461,0.74632,1.00,1.50
2016.11.01 20:52:56.887,0.7461,0.74633,1.00,1.50
2016.11.01 20:53:01.747,0.74605,0.74633,1.00,1.00
2016.11.01 20:53:08.601,0.74604,0.74633,1.00,1.00
2016.11.01 20:53:09.193,0.74605,0.74633,1.00,1.00
2016.11.01 20:53:14.387,0.74605,0.74632,1.00,1.00
2016.11.01 20:53:18.666,0.74604,0.74632,1.00,1.00
2016.11.01 20:53:19.490,0.74605,0.74633,1.00,1.00
2016.11.01 20:53:21.570,0.7461,0.74633,1.00,1.00
2016.11.01 20:53:22.129,0.7461,0.74634,1.00,1.00
2016.11.01 20:53:22.601,0.74605,0.74634,1.00,1.00
2016.11.01 20:53:25.173,0.7461,0.74634,1.00,1.00
2016.11.01 20:53:34.107,0.74605,0.74634,1.00,1.00
2016.11.01 20:53:38.425,0.74604,0.74635,1.00,2.25
2016.11.01 20:53:38.990,0.74604,0.74634,1.00,1.00
2016.11.01 20:53:39.677,0.74605,0.74634,1.00,1.00
2016.11.01 20:53:41.716,0.74605,0.74629,1.00,1.00
2016.11.01 20:53:43.096,0.74604,0.74629,1.00,1.00
2016.11.01 20:53:47.529,0.74604,0.7463,1.00,1.00
2016.11.01 20:53:50.217,0.74605,0.7463,1.00,1.00
2016.11.01 20:53:50.841,0.74604,0.7463,1.00,1.00
2016.11.01 20:53:51.573,0.74605,0.7463,1.00,1.00
2016.11.01 20:53:57.039,0.74605,0.74631,1.00,1.00
2016.11.01 20:54:02.619,0.74604,0.74631,1.00,1.00
2016.11.01 20:54:03.125,0.74605,0.7463,1.00,1.00
2016.11.01 20:54:08.151,0.74604,0.7463,1.00,1.00
2016.11.01 20:54:19.438,0.74605,0.7463,1.00,1.00
2016.11.01 20:54:27.328,0.74605,0.74631,1.00,1.00
2016.11.01 20:54:27.843,0.74605,0.74632,1.00,1.00
2016.11.01 20:54:30.440,0.74605,0.74633,1.00,1.00
2016.11.01 20:54:40.637,0.74605,0.74632,1.00,1.00
2016.11.01 20:54:51.537,0.74605,0.7463,1.00,1.00
2016.11.01 20:54:53.079,0.74604,0.7463,1.00,1.00
2016.11.01 20:54:53.591,0.74604,0.74629,1.00,1.00
2016.11.01 20:54:54.981,0.74605,0.74629,1.00,1.00
2016.11.01 20:55:00.387,0.74604,0.74629,1.00,1.00
2016.11.01 20:55:00.923,0.74605,0.74629,1.00,1.00
2016.11.01 20:55:03.140,0.746,0.74629,1.00,1.00
2016.11.01 20:55:04.795,0.74599,0.74629,1.00,1.00
2016.11.01 20:55:05.344,0.746,0.74629,1.00,1.00
2016.11.01 20:55:05.396,0.74605,0.74629,1.00,1.00
2016.11.01 20:55:07.700,0.74604,0.74629,1.00,1.00
2016.11.01 20:55:12.438,0.746,0.74629,1.00,1.00
2016.11.01 20:55:12.539,0.74604,0.74629,1.00,1.00
2016.11.01 20:55:19.413,0.74605,0.74629,1.00,1.00
2016.11.01 20:55:26.322,0.74604,0.74629,1.00,1.00
2016.11.01 20:55:27.625,0.746,0.74629,1.00,1.00
2016.11.01 20:55:28.226,0.74604,0.74631,1.00,1.00
2016.11.01 20:55:28.826,0.746,0.7463,1.00,1.00
2016.11.01 20:55:30.630,0.74604,0.74631,1.00,1.00
2016.11.01 20:55:32.769,0.74605,0.74631,1.00,1.00
2016.11.01 20:55:34.734,0.74599,0.74631,1.00,1.50
2016.11.01 20:55:35.235,0.74605,0.74631,1.00,1.00
2016.11.01 20:55:36.283,0.746,0.7463,1.00,1.00
2016.11.01 20:55:38.439,0.74599,0.74631,1.00,1.50
2016.11.01 20:55:38.982,0.746,0.7463,1.00,1.00
2016.11.01 20:55:39.254,0.74605,0.74631,1.00,1.00
2016.11.01 20:55:39.863,0.74605,0.74632,1.00,1.00
2016.11.01 20:55:42.463,0.74604,0.74631,1.00,1.00
2016.11.01 20:55:44.047,0.7461,0.74632,1.00,1.00
2016.11.01 20:55:44.614,0.7461,0.74635,1.00,2.25
2016.11.01 20:55:46.750,0.74605,0.7463,1.00,1.00
2016.11.01 20:55:47.051,0.7461,0.74635,1.00,2.25
2016.11.01 20:55:49.054,0.74605,0.7463,1.00,1.00
2016.11.01 20:55:49.835,0.74604,0.74631,1.00,1.00
2016.11.01 20:55:50.492,0.74605,0.7463,1.00,1.00
2016.11.01 20:55:52.457,0.7461,0.74635,1.00,2.25
2016.11.01 20:55:52.999,0.74609,0.74636,1.00,1.00
2016.11.01 20:55:53.538,0.7461,0.74635,1.00,1.00
2016.11.01 20:55:58.262,0.74615,0.7464,1.00,1.00
2016.11.01 20:55:58.830,0.74614,0.74641,1.00,1.00
2016.11.01 20:55:59.413,0.7461,0.74635,1.00,1.00
2016.11.01 20:56:00.969,0.74615,0.7464,1.00,1.00
2016.11.01 20:56:05.035,0.74614,0.74646,1.00,1.00
2016.11.01 20:56:05.342,0.7461,0.7464,1.00,1.00
2016.11.01 20:56:05.742,0.74609,0.74636,1.00,1.00
2016.11.01 20:56:12.394,0.7461,0.74635,1.00,1.00
2016.11.01 20:56:14.243,0.74615,0.7464,1.00,1.00
2016.11.01 20:56:15.427,0.74609,0.74636,1.00,1.00
2016.11.01 20:56:15.761,0.74615,0.7464,1.00,1.00
2016.11.01 20:56:29.780,0.7461,0.74635,1.00,1.00
2016.11.01 20:56:32.645,0.74615,0.7464,1.00,1.00
2016.11.01 20:56:38.589,0.7461,0.7464,1.00,1.00
2016.11.01 20:56:38.690,0.74615,0.74645,1.00,1.00
2016.11.01 20:56:43.270,0.74614,0.74646,1.00,1.00
2016.11.01 20:56:50.371,0.74615,0.74645,1.00,1.00
2016.11.01 20:56:52.778,0.7462,0.74645,1.00,1.00
2016.11.01 20:56:54.371,0.74625,0.7465,1.00,1.00
2016.11.01 20:56:58.719,0.7462,0.74645,1.00,1.00
2016.11.01 20:56:59.811,0.7462,0.7465,1.00,1.00
2016.11.01 20:56:59.912,0.74615,0.74645,1.00,1.00
2016.11.01 20:57:00.214,0.7462,0.7465,1.00,1.00
2016.11.01 20:57:03.597,0.74625,0.7465,1.00,1.00
2016.11.01 20:57:04.295,0.7462,0.74645,1.00,1.00
2016.11.01 20:57:06.387,0.74614,0.74646,1.00,1.00
2016.11.01 20:57:06.487,0.7462,0.74645,1.00,1.00
2016.11.01 20:57:08.090,0.74625,0.7465,1.00,1.00
2016.11.01 20:57:08.537,0.7462,0.74645,1.00,1.00
2016.11.01 20:57:09.591,0.74625,0.7465,1.00,1.00
2016.11.01 20:57:11.893,0.7462,0.74645,1.00,1.00
2016.11.01 20:57:13.006,0.74625,0.7465,1.00,1.00
2016.11.01 20:57:15.621,0.74625,0.74655,1.00,1.00
2016.11.01 20:57:15.722,0.74625,0.7465,1.00,1.00
2016.11.01 20:57:16.141,0.7462,0.74645,1.00,1.00
2016.11.01 20:57:16.696,0.74619,0.74646,1.00,1.00
2016.11.01 20:57:17.616,0.7462,0.74645,1.00,1.00
2016.11.01 20:57:17.960,0.74625,0.7465,1.00,1.00
2016.11.01 20:57:22.429,0.74624,0.74652,1.00,1.00
2016.11.01 20:57:22.529,0.74619,0.74651,1.00,1.00
2016.11.01 20:57:23.131,0.7462,0.7465,1.00,1.00
2016.11.01 20:57:23.746,0.74619,0.74651,1.00,1.00
2016.11.01 20:57:24.484,0.7462,0.7465,1.00,1.00
2016.11.01 20:57:28.646,0.74619,0.74651,1.00,1.00
2016.11.01 20:57:29.149,0.7462,0.7465,1.00,1.00
2016.11.01 20:57:30.721,0.74619,0.74651,1.00,1.00
2016.11.01 20:57:31.321,0.7462,0.7465,1.00,1.00
2016.11.01 20:57:36.440,0.74619,0.74651,1.00,1.00
2016.11.01 20:57:36.541,0.74625,0.74653,1.00,1.00
2016.11.01 20:57:37.246,0.7462,0.7465,1.00,1.00
2016.11.01 20:57:39.766,0.74619,0.74651,1.00,1.00
2016.11.01 20:57:41.735,0.7462,0.7465,1.00,1.00
2016.11.01 20:57:42.509,0.74619,0.74651,1.50,1.00
2016.11.01 20:57:43.037,0.74625,0.74655,1.00,1.50
2016.11.01 20:57:43.442,0.7463,0.74655,1.00,1.00
2016.11.01 20:57:43.493,0.7463,0.74657,1.00,1.00
2016.11.01 20:57:43.629,0.7463,0.7466,1.00,1.50
2016.11.01 20:57:44.066,0.74635,0.74663,1.00,1.00
2016.11.01 20:57:44.268,0.7463,0.7466,1.00,1.50
2016.11.01 20:57:44.319,0.7463,0.74655,1.00,1.00
2016.11.01 20:57:44.816,0.7463,0.74652,1.00,1.00
2016.11.01 20:57:45.018,0.74629,0.74654,1.00,1.00
2016.11.01 20:57:45.241,0.74625,0.74654,1.00,1.00
2016.11.01 20:57:46.091,0.7463,0.74654,1.00,1.00
2016.11.01 20:57:46.643,0.74629,0.74654,1.00,1.00
2016.11.01 20:57:47.305,0.7463,0.74654,1.00,1.00
2016.11.01 20:57:47.671,0.7462,0.74654,1.00,1.00
2016.11.01 20:57:47.822,0.7462,0.74656,1.00,2.25
2016.11.01 20:57:47.923,0.7462,0.74654,1.00,1.00
2016.11.01 20:57:52.056,0.7462,0.74652,1.00,1.00
2016.11.01 20:57:52.157,0.7462,0.74654,1.00,1.00
2016.11.01 20:57:56.971,0.74619,0.74654,1.00,1.00
2016.11.01 20:57:57.356,0.74616,0.74654,1.00,1.00
2016.11.01 20:57:58.628,0.74617,0.74652,1.00,1.00
2016.11.01 20:58:00.111,0.7462,0.74652,1.00,1.00
2016.11.01 20:58:02.767,0.74617,0.74652,1.00,1.00
2016.11.01 20:58:10.688,0.74619,0.74655,1.00,1.50
2016.11.01 20:58:11.190,0.7462,0.74653,1.00,1.00
2016.11.01 20:58:14.179,0.74618,0.74653,1.00,1.00
2016.11.01 20:58:14.979,0.7462,0.74653,1.00,1.00
2016.11.01 20:58:17.189,0.74619,0.74653,1.00,1.00
2016.11.01 20:58:20.586,0.7462,0.74653,1.00,1.00
2016.11.01 20:58:21.692,0.74616,0.74653,1.00,1.00
2016.11.01 20:58:21.897,0.7462,0.74653,1.00,1.00
2016.11.01 20:58:24.140,0.74616,0.74653,1.00,1.00
2016.11.01 20:58:24.308,0.7462,0.74653,1.00,1.00
2016.11.01 20:58:24.391,0.74616,0.74653,1.00,1.00
2016.11.01 20:58:25.317,0.7462,0.74653,1.00,1.00
2016.11.01 20:58:25.861,0.74619,0.74653,1.00,1.00
2016.11.01 20:58:26.377,0.7462,0.74654,1.00,1.00
2016.11.01 20:58:27.209,0.74621,0.74656,1.00,1.00
2016.11.01 20:58:28.517,0.74621,0.74655,1.00,1.00
2016.11.01 20:58:29.986,0.7462,0.74655,1.00,1.00
2016.11.01 20:58:30.197,0.7462,0.74657,1.50,1.00
2016.11.01 20:58:30.816,0.74621,0.74656,1.00,2.25
2016.11.01 20:58:32.516,0.74621,0.74655,1.00,1.00
2016.11.01 20:58:32.617,0.74617,0.74654,1.00,1.00
2016.11.01 20:58:33.892,0.74616,0.74654,1.00,1.00
2016.11.01 20:58:34.488,0.74619,0.74655,1.00,1.00
2016.11.01 20:58:34.539,0.74619,0.74658,1.50,1.00
2016.11.01 20:58:34.589,0.74622,0.74661,1.00,1.50
2016.11.01 20:58:34.986,0.74625,0.7466,1.00,1.50
2016.11.01 20:58:37.693,0.74625,0.74658,1.00,1.00
2016.11.01 20:58:43.120,0.74622,0.74655,1.00,1.00
2016.11.01 20:58:43.935,0.74625,0.74658,1.00,1.00
2016.11.01 20:58:44.036,0.74625,0.7466,1.00,1.00
2016.11.01 20:58:44.697,0.74625,0.74661,1.50,1.00
2016.11.01 20:58:46.195,0.74626,0.74662,1.00,1.00
2016.11.01 20:58:56.737,0.74626,0.7466,1.00,1.00
2016.11.01 20:58:57.080,0.74625,0.74655,1.00,1.00
2016.11.01 20:58:57.596,0.74624,0.74655,1.00,1.00
2016.11.01 20:58:57.655,0.74624,0.7466,1.00,1.50
2016.11.01 20:59:00.803,0.74624,0.74663,1.50,1.50
2016.11.01 20:59:01.772,0.74625,0.74663,0.75,1.50
2016.11.01 20:59:02.549,0.74624,0.74663,1.50,1.50
2016.11.01 20:59:03.116,0.74625,0.74663,0.75,1.50
2016.11.01 20:59:03.274,0.74625,0.7466,0.75,0.75
2016.11.01 20:59:04.654,0.74625,0.74659,0.75,0.75
2016.11.01 20:59:05.456,0.74622,0.74659,0.75,0.75
2016.11.01 20:59:08.459,0.74622,0.74655,0.75,0.75
2016.11.01 20:59:11.063,0.74622,0.74659,0.75,0.75
2016.11.01 20:59:24.080,0.74621,0.74658,0.75,0.75
2016.11.01 20:59:24.497,0.74619,0.74657,0.75,0.75
2016.11.01 20:59:26.493,0.7462,0.74657,0.75,0.75
2016.11.01 20:59:27.187,0.7462,0.74658,0.75,0.75
2016.11.01 20:59:27.584,0.74622,0.74659,0.75,0.75
2016.11.01 20:59:27.685,0.74615,0.7466,0.75,0.75
2016.11.01 20:59:30.410,0.74614,0.74661,0.75,0.75
2016.11.01 20:59:31.018,0.74615,0.7466,0.75,0.75
2016.11.01 20:59:31.678,0.74614,0.74661,0.75,0.75
2016.11.01 20:59:32.309,0.74622,0.74659,0.75,0.75
2016.11.01 20:59:32.659,0.74622,0.74655,0.75,0.75
2016.11.01 20:59:33.110,0.74622,0.74659,0.75,0.75
2016.11.01 20:59:33.308,0.74622,0.74656,0.75,0.75
2016.11.01 20:59:33.529,0.74624,0.7466,0.75,0.75
2016.11.01 20:59:34.038,0.74625,0.7466,0.75,0.75
2016.11.01 20:59:34.089,0.74623,0.7466,0.75,0.75
2016.11.01 20:59:34.606,0.74623,0.74661,0.75,0.75
2016.11.01 20:59:35.247,0.74623,0.7466,0.75,0.75
2016.11.01 20:59:36.217,0.74623,0.74656,0.75,0.75
2016.11.01 20:59:36.366,0.74623,0.7466,0.75,0.75
2016.11.01 20:59:39.355,0.74623,0.74661,0.75,0.75
2016.11.01 20:59:39.966,0.74623,0.7466,0.75,0.75
2016.11.01 20:59:41.473,0.74623,0.74662,0.75,0.75
2016.11.01 20:59:41.616,0.7462,0.74665,0.75,0.75
2016.11.01 20:59:41.965,0.74615,0.7466,0.75,0.75
2016.11.01 20:59:42.606,0.74614,0.74661,0.75,0.75
2016.11.01 20:59:43.218,0.74615,0.7466,0.75,0.75
2016.11.01 20:59:45.536,0.7462,0.74665,0.75,0.75
2016.11.01 20:59:45.837,0.74615,0.7466,0.75,0.75
2016.11.01 20:59:46.669,0.74619,0.74666,0.75,0.75
2016.11.01 20:59:47.539,0.7462,0.74665,0.75,0.75
2016.11.01 20:59:47.640,0.74614,0.74661,0.75,0.75
2016.11.01 20:59:47.840,0.7462,0.74665,0.75,0.75
2016.11.01 20:59:49.543,0.74619,0.74666,0.75,0.75
2016.11.01 20:59:50.546,0.74615,0.7466,0.75,0.75
2016.11.01 20:59:50.927,0.7462,0.74665,0.75,0.75
2016.11.01 20:59:51.527,0.74619,0.74666,0.75,0.75
2016.11.01 20:59:51.983,0.74615,0.7466,0.75,0.75
2016.11.01 20:59:54.886,0.74614,0.74661,0.75,0.75
2016.11.01 20:59:55.454,0.74615,0.7466,0.75,0.75
2016.11.01 20:59:55.882,0.7461,0.74655,0.75,0.75
2016.11.01 20:59:56.256,0.74615,0.7466,0.75,0.75
2016.11.01 20:59:56.864,0.74625,0.7466,0.75,0.75
2016.11.01 20:59:57.202,0.7462,0.74655,0.75,0.75
2016.11.01 20:59:57.813,0.74619,0.74656,0.75,0.75
2016.11.01 20:59:58.129,0.74615,0.7465,0.75,0.75
2016.11.01 20:59:58.473,0.7462,0.74655,0.75,0.75
