2013.01.23 12:00:00.156,0.97979,0.98001,1.50,2.25
2013.01.23 12:00:00.336,0.97979,0.98001,1.50,3.00
2013.01.23 12:00:00.947,0.97979,0.98001,1.50,2.25
2013.01.23 12:00:01.066,0.97981,0.98002,1.50,1.50
2013.01.23 12:00:01.497,0.97977,0.97993,1.88,1.50
2013.01.23 12:00:01.802,0.9798,0.97993,1.50,1.50
2013.01.23 12:00:01.870,0.97974,0.97998,1.50,3.00
2013.01.23 12:00:01.987,0.97976,0.97998,1.50,3.00
2013.01.23 12:00:02.578,0.97977,0.97997,1.50,6.00
2013.01.23 12:00:03.019,0.97979,0.97998,1.50,1.50
2013.01.23 12:00:03.196,0.97976,0.98,2.25,3.00
2013.01.23 12:00:03.487,0.97976,0.97998,1.50,1.50
2013.01.23 12:00:03.546,0.97973,0.97997,2.25,3.00
2013.01.23 12:00:03.747,0.97973,0.97997,2.25,2.25
2013.01.23 12:00:04.713,0.97973,0.97997,2.25,2.25
2013.01.23 12:00:05.573,0.97973,0.97997,2.25,3.00
2013.01.23 12:00:06.026,0.97973,0.97997,2.25,2.25
2013.01.23 12:00:07.304,0.97973,0.97997,2.25,3.00
2013.01.23 12:00:07.452,0.97973,0.97995,1.50,1.50
2013.01.23 12:00:07.937,0.9797,0.9799,1.13,1.50
2013.01.23 12:00:08.057,0.97968,0.9799,2.63,2.25
2013.01.23 12:00:08.959,0.97968,0.9799,3.00,1.50
2013.01.23 12:00:09.366,0.97971,0.97993,2.25,3.00
2013.01.23 12:00:09.966,0.97971,0.97993,2.25,2.25
2013.01.23 12:00:10.568,0.97971,0.97993,2.25,2.25
2013.01.23 12:00:10.887,0.97973,0.97996,3.00,5.25
2013.01.23 12:00:11.063,0.97973,0.97996,2.25,6.00
2013.01.23 12:00:11.645,0.97971,0.97993,2.63,1.50
2013.01.23 12:00:14.836,0.97973,0.97997,2.25,2.25
2013.01.23 12:00:15.273,0.97971,0.97993,3.00,1.50
2013.01.23 12:00:16.606,0.97971,0.97993,3.00,1.50
2013.01.23 12:00:16.666,0.97974,0.97997,1.13,2.25
2013.01.23 12:00:17.335,0.97977,0.97996,2.25,4.50
2013.01.23 12:00:18.304,0.97975,0.97996,2.63,2.25
2013.01.23 12:00:20.446,0.97972,0.97994,3.38,2.25
2013.01.23 12:00:21.137,0.97972,0.97994,2.63,2.25
2013.01.23 12:00:22.407,0.97972,0.97994,3.38,2.25
2013.01.23 12:00:22.787,0.97972,0.97994,2.63,1.50
2013.01.23 12:00:24.216,0.97972,0.97994,2.63,2.25
2013.01.23 12:00:25.176,0.97974,0.97998,2.63,8.25
2013.01.23 12:00:25.709,0.97974,0.97998,2.63,8.25
2013.01.23 12:00:25.807,0.97974,0.97998,2.63,9.00
2013.01.23 12:00:27.397,0.97974,0.97998,2.63,4.50
2013.01.23 12:00:27.987,0.97978,0.98,1.50,2.25
2013.01.23 12:00:29.290,0.97978,0.98,2.25,2.25
2013.01.23 12:00:30.317,0.97976,0.97997,2.25,2.25
2013.01.23 12:00:30.377,0.97974,0.97995,1.88,1.50
2013.01.23 12:00:31.587,0.97971,0.97995,2.63,3.00
2013.01.23 12:00:31.687,0.97971,0.97995,3.00,3.00
2013.01.23 12:00:31.857,0.97971,0.97995,3.00,2.25
2013.01.23 12:00:32.388,0.97971,0.97995,2.25,3.00
2013.01.23 12:00:33.918,0.97971,0.97995,2.25,2.25
2013.01.23 12:00:34.708,0.97971,0.97995,2.25,3.00
2013.01.23 12:00:36.938,0.97971,0.97995,3.00,2.25
2013.01.23 12:00:40.176,0.97971,0.97995,2.63,3.00
2013.01.23 12:00:40.866,0.97971,0.97995,2.25,3.00
2013.01.23 12:00:41.393,0.97971,0.97995,3.38,2.25
2013.01.23 12:00:41.576,0.97974,0.97996,1.50,3.75
2013.01.23 12:00:45.522,0.97974,0.97998,1.50,2.25
2013.01.23 12:00:45.827,0.97972,0.97994,2.25,2.25
2013.01.23 12:00:46.007,0.97975,0.97997,2.25,2.25
2013.01.23 12:00:48.926,0.97976,0.97997,1.50,1.50
2013.01.23 12:00:48.987,0.97975,0.97997,2.25,2.25
2013.01.23 12:00:49.094,0.97976,0.97997,1.50,1.50
2013.01.23 12:00:49.204,0.97975,0.97997,2.25,2.25
2013.01.23 12:00:52.337,0.97972,0.97994,3.00,2.25
2013.01.23 12:00:54.966,0.97974,0.97997,5.63,1.50
2013.01.23 12:00:55.086,0.97978,0.97997,1.50,1.50
2013.01.23 12:00:55.145,0.97978,0.98,1.50,2.63
2013.01.23 12:00:55.746,0.97981,0.98,1.50,1.13
2013.01.23 12:00:57.037,0.97981,0.98003,1.50,3.00
2013.01.23 12:00:57.517,0.97981,0.98002,2.25,1.50
2013.01.23 12:00:58.212,0.97981,0.98003,2.25,2.25
2013.01.23 12:01:00.345,0.97981,0.98003,2.78,2.40
2013.01.23 12:01:00.527,0.97985,0.98005,2.03,1.50
2013.01.23 12:01:01.137,0.97985,0.98009,1.65,3.15
2013.01.23 12:01:04.277,0.9799,0.9801,1.13,2.25
2013.01.23 12:01:04.338,0.97991,0.98013,2.63,3.15
2013.01.23 12:01:04.918,0.97992,0.98013,2.03,4.65
2013.01.23 12:01:05.057,0.97993,0.98013,1.65,3.90
2013.01.23 12:01:05.383,0.97992,0.98013,1.28,1.65
2013.01.23 12:01:05.508,0.97993,0.98014,2.40,1.13
2013.01.23 12:01:06.097,0.97993,0.98014,2.78,1.13
2013.01.23 12:01:06.647,0.97993,0.98014,2.78,1.13
2013.01.23 12:01:08.468,0.97992,0.98013,1.28,1.65
2013.01.23 12:01:08.957,0.97995,0.98014,1.50,1.13
2013.01.23 12:01:09.178,0.97993,0.98014,2.78,1.13
2013.01.23 12:01:09.487,0.97993,0.98014,1.65,1.88
2013.01.23 12:01:10.856,0.97992,0.98014,3.15,3.38
2013.01.23 12:01:16.487,0.97991,0.98013,3.75,1.65
2013.01.23 12:01:17.027,0.98002,0.98024,2.03,1.65
2013.01.23 12:01:17.557,0.98002,0.98022,2.03,1.50
2013.01.23 12:01:18.246,0.98002,0.98022,1.28,2.25
2013.01.23 12:01:20.078,0.97999,0.98021,3.38,1.13
2013.01.23 12:01:20.136,0.97999,0.98021,2.63,1.13
2013.01.23 12:01:20.737,0.97997,0.98019,2.78,1.65
2013.01.23 12:01:21.119,0.97997,0.98019,3.15,1.65
2013.01.23 12:01:24.578,0.98,0.98021,1.50,1.13
2013.01.23 12:01:25.116,0.97997,0.9802,1.28,2.40
2013.01.23 12:01:26.408,0.97996,0.9802,3.53,2.40
2013.01.23 12:01:32.973,0.97997,0.9802,1.65,2.40
2013.01.23 12:01:33.128,0.98002,0.98024,1.65,1.05
2013.01.23 12:01:33.248,0.98002,0.98024,2.40,1.05
2013.01.23 12:01:33.427,0.98002,0.98023,1.65,1.65
2013.01.23 12:01:33.546,0.98001,0.98023,2.40,1.65
2013.01.23 12:01:33.726,0.98003,0.98021,1.13,1.50
2013.01.23 12:01:33.787,0.98001,0.98021,1.28,2.25
2013.01.23 12:01:34.086,0.98001,0.98021,1.65,1.50
2013.01.23 12:01:34.737,0.97999,0.98021,2.25,1.88
2013.01.23 12:01:47.400,0.98,0.98021,2.25,1.88
2013.01.23 12:01:48.060,0.97997,0.98018,1.65,1.50
2013.01.23 12:01:48.640,0.97997,0.98018,1.65,1.50
2013.01.23 12:01:48.758,0.97999,0.98022,2.40,2.40
2013.01.23 12:01:49.956,0.97999,0.98022,1.65,2.40
2013.01.23 12:01:50.316,0.97997,0.98015,2.25,1.13
2013.01.23 12:01:50.557,0.97994,0.98016,1.88,2.25
2013.01.23 12:01:50.616,0.97995,0.98016,1.13,2.25
2013.01.23 12:01:51.375,0.97995,0.98017,1.13,2.40
2013.01.23 12:01:52.268,0.97993,0.98013,2.63,1.13
2013.01.23 12:01:52.844,0.97991,0.98013,5.63,1.13
2013.01.23 12:01:54.667,0.97995,0.98013,1.50,1.13
2013.01.23 12:01:54.786,0.97991,0.98013,4.13,1.13
2013.01.23 12:01:54.871,0.97992,0.98015,1.50,3.38
2013.01.23 12:01:55.157,0.97991,0.98013,3.00,1.88
2013.01.23 12:01:55.216,0.97991,0.98013,2.63,1.88
2013.01.23 12:01:55.466,0.97995,0.98015,1.28,1.50
2013.01.23 12:01:56.133,0.97994,0.98018,3.00,3.15
2013.01.23 12:01:56.936,0.97995,0.98018,1.65,2.40
2013.01.23 12:01:57.651,0.97996,0.98018,1.28,3.15
2013.01.23 12:01:58.146,0.97998,0.98019,1.13,1.13
2013.01.23 12:01:58.657,0.97997,0.98019,2.63,1.13
2013.01.23 12:02:00.153,0.97997,0.98019,2.25,1.13
2013.01.23 12:02:04.616,0.97995,0.98017,3.15,2.40
2013.01.23 12:02:05.935,0.97995,0.98017,2.40,2.40
2013.01.23 12:02:06.364,0.97998,0.98019,1.50,1.13
2013.01.23 12:02:07.027,0.97998,0.98019,1.50,1.13
2013.01.23 12:02:07.676,0.97998,0.98019,2.25,1.13
2013.01.23 12:02:08.735,0.98,0.9802,1.13,2.25
2013.01.23 12:02:09.524,0.97995,0.98018,2.63,1.13
2013.01.23 12:02:15.287,0.97995,0.98018,2.63,1.13
2013.01.23 12:02:16.612,0.97995,0.98018,1.88,1.88
2013.01.23 12:02:16.678,0.97993,0.98014,1.13,1.65
2013.01.23 12:02:17.096,0.97992,0.98014,3.53,1.50
2013.01.23 12:02:17.155,0.97994,0.98017,2.25,2.25
2013.01.23 12:02:18.567,0.97996,0.98014,1.50,1.50
2013.01.23 12:02:18.626,0.97996,0.98017,1.50,2.25
2013.01.23 12:02:21.497,0.97996,0.98017,1.50,2.25
2013.01.23 12:02:27.111,0.98,0.98021,1.50,2.63
2013.01.23 12:02:27.237,0.98,0.98021,1.65,2.40
2013.01.23 12:02:27.830,0.97999,0.98021,1.13,2.40
2013.01.23 12:02:29.812,0.97999,0.98021,1.13,3.15
2013.01.23 12:02:30.637,0.97999,0.98021,1.13,2.40
2013.01.23 12:02:34.650,0.97999,0.98021,1.13,3.15
2013.01.23 12:02:34.955,0.97995,0.98018,1.28,3.00
2013.01.23 12:02:35.016,0.97994,0.98018,2.03,3.38
2013.01.23 12:02:35.076,0.97994,0.98018,1.88,3.00
2013.01.23 12:02:35.386,0.97993,0.98013,1.13,1.50
2013.01.23 12:02:35.706,0.9799,0.98008,1.13,1.50
2013.01.23 12:02:36.008,0.97986,0.98005,1.88,2.25
2013.01.23 12:02:36.196,0.97986,0.98005,1.50,2.40
2013.01.23 12:02:36.256,0.97983,0.98005,1.65,2.40
2013.01.23 12:02:36.377,0.97981,0.98002,2.78,2.25
2013.01.23 12:02:36.738,0.97985,0.98002,1.88,1.50
2013.01.23 12:02:37.047,0.97991,0.98011,1.50,1.13
2013.01.23 12:02:37.166,0.97989,0.98011,4.88,2.63
2013.01.23 12:02:41.691,0.97989,0.98011,4.13,2.63
2013.01.23 12:02:41.997,0.97986,0.98007,1.65,2.25
2013.01.23 12:02:42.618,0.97989,0.98007,1.88,1.50
2013.01.23 12:02:42.692,0.97989,0.98011,1.88,1.13
2013.01.23 12:02:42.757,0.97989,0.98011,1.88,1.13
2013.01.23 12:02:44.486,0.97992,0.98011,1.50,1.13
2013.01.23 12:02:44.766,0.97992,0.98016,1.65,2.78
2013.01.23 12:02:45.276,0.97992,0.98016,3.15,2.78
2013.01.23 12:02:46.396,0.97999,0.98017,1.50,1.28
2013.01.23 12:02:46.806,0.97999,0.98016,1.50,1.13
2013.01.23 12:02:47.366,0.97996,0.98016,2.25,1.13
2013.01.23 12:02:54.657,0.97996,0.98016,2.25,1.13
2013.01.23 12:02:54.841,0.97996,0.98016,2.25,1.13
2013.01.23 12:02:55.348,0.97996,0.98018,2.40,2.25
2013.01.23 12:02:55.407,0.98,0.98018,1.50,1.50
2013.01.23 12:02:55.467,0.98,0.98022,1.50,1.65
2013.01.23 12:02:56.497,0.98001,0.98022,1.50,1.50
2013.01.23 12:02:56.749,0.98004,0.98027,1.50,2.63
2013.01.23 12:02:56.847,0.98004,0.98027,2.25,2.63
2013.01.23 12:02:57.326,0.98006,0.98027,1.13,2.25
2013.01.23 12:03:00.377,0.98004,0.98025,1.50,1.13
2013.01.23 12:03:01.866,0.98004,0.98027,1.65,2.40
2013.01.23 12:03:01.926,0.98006,0.9803,3.00,2.25
2013.01.23 12:03:02.501,0.98007,0.9803,1.50,2.25
2013.01.23 12:03:03.017,0.9801,0.98032,1.50,2.40
2013.01.23 12:03:06.845,0.98006,0.98028,2.25,2.25
2013.01.23 12:03:07.086,0.98008,0.98031,1.50,1.65
2013.01.23 12:03:07.610,0.98008,0.98031,1.50,1.65
2013.01.23 12:03:07.966,0.98008,0.98027,1.50,1.28
2013.01.23 12:03:10.216,0.98005,0.98027,1.50,1.28
2013.01.23 12:03:11.182,0.98006,0.98029,1.50,2.03
2013.01.23 12:03:11.683,0.98009,0.9803,1.50,1.13
2013.01.23 12:03:11.875,0.98009,0.98031,1.50,2.25
2013.01.23 12:03:16.916,0.98009,0.98031,1.50,3.75
2013.01.23 12:03:17.481,0.98008,0.9803,1.50,1.50
2013.01.23 12:03:18.117,0.98012,0.9803,1.50,1.50
2013.01.23 12:03:19.652,0.98012,0.98034,1.50,3.38
2013.01.23 12:03:20.157,0.98012,0.98034,1.50,3.38
2013.01.23 12:03:30.800,0.98012,0.98032,1.50,1.13
2013.01.23 12:03:35.746,0.98014,0.98032,1.50,1.13
2013.01.23 12:03:43.367,0.98014,0.98032,1.50,1.13
2013.01.23 12:03:47.842,0.98014,0.98034,1.50,1.13
2013.01.23 12:03:48.543,0.98014,0.98034,1.50,1.88
2013.01.23 12:03:48.996,0.98014,0.98036,2.25,1.28
2013.01.23 12:03:49.116,0.98014,0.98034,2.25,1.13
2013.01.23 12:03:49.937,0.98014,0.98034,3.00,1.13
2013.01.23 12:03:50.238,0.9802,0.98034,1.50,1.13
2013.01.23 12:03:50.357,0.98018,0.98034,3.00,1.13
2013.01.23 12:03:52.348,0.98018,0.98036,2.25,1.13
2013.01.23 12:03:52.526,0.9802,0.98041,2.25,1.43
2013.01.23 12:03:52.586,0.98021,0.98041,1.13,1.28
2013.01.23 12:03:52.946,0.98027,0.98049,1.65,1.65
2013.01.23 12:03:53.067,0.98031,0.98049,1.50,1.65
2013.01.23 12:03:58.926,0.98031,0.98051,3.75,1.13
2013.01.23 12:03:59.228,0.98033,0.98056,2.25,8.85
2013.01.23 12:03:59.607,0.98038,0.98056,1.50,2.10
2013.01.23 12:03:59.666,0.98038,0.98056,2.25,1.35
2013.01.23 12:04:00.339,0.98038,0.98059,2.25,2.03
2013.01.23 12:04:01.546,0.98042,0.98059,1.50,2.03
2013.01.23 12:04:02.907,0.98044,0.98062,1.50,1.13
2013.01.23 12:04:04.081,0.98044,0.98062,2.25,1.13
2013.01.23 12:04:04.360,0.98047,0.98065,1.50,1.13
2013.01.23 12:04:04.547,0.98049,0.98067,1.50,1.13
2013.01.23 12:04:04.861,0.98053,0.98068,1.50,1.13
2013.01.23 12:04:05.656,0.98054,0.98075,2.25,3.00
2013.01.23 12:04:05.716,0.98057,0.98075,1.50,1.35
2013.01.23 12:04:06.266,0.98058,0.98077,1.50,1.13
2013.01.23 12:04:08.987,0.9806,0.98081,1.65,1.13
2013.01.23 12:04:09.046,0.98062,0.98082,1.50,1.13
2013.01.23 12:04:10.447,0.98062,0.98081,1.50,1.13
2013.01.23 12:04:11.161,0.98062,0.98081,1.50,1.13
2013.01.23 12:04:12.126,0.98057,0.98081,3.75,2.40
2013.01.23 12:04:12.987,0.98057,0.98079,3.38,1.13
2013.01.23 12:04:13.328,0.98057,0.98079,3.00,1.13
2013.01.23 12:04:14.749,0.98057,0.98079,3.00,1.13
2013.01.23 12:04:14.866,0.98057,0.98078,2.25,1.28
2013.01.23 12:04:14.927,0.98056,0.98076,1.50,1.13
2013.01.23 12:04:15.046,0.98051,0.98072,3.75,1.65
2013.01.23 12:04:15.478,0.98051,0.98072,3.75,1.65
2013.01.23 12:04:15.897,0.98051,0.98072,3.00,1.65
2013.01.23 12:04:16.288,0.98051,0.98072,3.00,1.65
2013.01.23 12:04:16.896,0.98049,0.9807,2.40,2.40
2013.01.23 12:04:17.017,0.98048,0.98066,1.13,1.50
2013.01.23 12:04:17.577,0.98047,0.98063,1.13,1.50
2013.01.23 12:04:17.696,0.98044,0.98063,1.50,1.50
2013.01.23 12:04:20.158,0.98042,0.98063,3.15,1.50
2013.01.23 12:04:20.277,0.9804,0.98058,1.50,1.13
2013.01.23 12:04:20.516,0.98037,0.98055,1.50,1.88
2013.01.23 12:04:20.696,0.98036,0.98053,1.50,1.65
2013.01.23 12:04:21.398,0.98033,0.98052,1.50,1.88
2013.01.23 12:04:21.797,0.98033,0.98052,1.50,1.88
2013.01.23 12:04:21.858,0.98032,0.98052,1.50,1.88
2013.01.23 12:04:22.427,0.98027,0.98047,3.00,1.13
2013.01.23 12:04:22.848,0.98026,0.98046,2.25,1.88
2013.01.23 12:04:23.620,0.98026,0.98041,1.50,1.50
2013.01.23 12:04:24.027,0.98021,0.98041,1.50,1.88
2013.01.23 12:04:24.146,0.98019,0.98036,1.50,1.80
2013.01.23 12:04:24.602,0.98017,0.98034,1.50,1.50
2013.01.23 12:04:25.858,0.98012,0.98034,3.00,1.88
2013.01.23 12:04:26.226,0.98012,0.98036,1.50,6.00
2013.01.23 12:04:26.407,0.98006,0.98029,1.50,1.13
2013.01.23 12:04:27.298,0.98006,0.98029,1.50,1.13
2013.01.23 12:04:27.749,0.98013,0.98031,1.50,2.03
2013.01.23 12:04:27.807,0.98013,0.98033,2.25,1.88
2013.01.23 12:04:27.927,0.98013,0.98038,2.25,2.78
2013.01.23 12:04:28.106,0.98012,0.98038,1.50,3.53
2013.01.23 12:04:32.139,0.98011,0.98032,1.50,1.65
2013.01.23 12:04:32.888,0.98011,0.98032,1.88,1.65
2013.01.23 12:04:35.318,0.98013,0.98034,1.50,1.88
2013.01.23 12:04:37.898,0.98013,0.98034,1.88,1.88
2013.01.23 12:04:38.017,0.98016,0.98037,1.50,2.03
2013.01.23 12:04:38.510,0.98019,0.9804,2.25,1.88
2013.01.23 12:04:39.356,0.98019,0.9804,1.50,1.88
2013.01.23 12:04:39.789,0.98019,0.9804,2.25,1.88
2013.01.23 12:04:40.482,0.9802,0.98044,1.50,2.03
2013.01.23 12:04:41.211,0.9802,0.98044,3.00,1.88
2013.01.23 12:04:41.396,0.98021,0.98044,1.13,1.50
2013.01.23 12:04:41.919,0.98021,0.98044,4.88,2.25
2013.01.23 12:04:43.137,0.98023,0.98046,1.50,2.25
2013.01.23 12:04:43.379,0.98023,0.98047,2.25,2.40
2013.01.23 12:04:43.436,0.98023,0.98047,2.40,1.65
2013.01.23 12:04:43.498,0.98026,0.98047,1.13,1.50
2013.01.23 12:04:47.388,0.98023,0.98047,2.40,2.25
2013.01.23 12:04:47.636,0.98023,0.98047,2.40,1.50
2013.01.23 12:04:47.998,0.98023,0.98047,2.40,2.25
2013.01.23 12:04:49.546,0.98027,0.98049,2.25,2.25
2013.01.23 12:04:49.676,0.98028,0.98049,1.28,2.25
2013.01.23 12:04:49.818,0.98028,0.98049,2.03,2.25
2013.01.23 12:04:49.886,0.98028,0.98049,2.03,2.25
2013.01.23 12:04:50.527,0.98021,0.98043,3.00,2.25
2013.01.23 12:04:52.836,0.98021,0.98043,3.23,1.65
2013.01.23 12:04:55.936,0.98018,0.98041,1.13,1.50
2013.01.23 12:04:56.309,0.98022,0.98041,1.65,1.50
2013.01.23 12:04:56.427,0.98021,0.9804,2.63,1.50
2013.01.23 12:04:56.846,0.98021,0.98039,1.13,2.25
2013.01.23 12:04:57.286,0.98016,0.98038,2.25,1.13
2013.01.23 12:04:58.088,0.98016,0.98037,2.25,1.13
2013.01.23 12:04:58.398,0.98011,0.9803,2.25,2.48
2013.01.23 12:04:58.576,0.98008,0.98027,1.50,2.48
2013.01.23 12:04:59.917,0.98007,0.9803,2.25,1.88
2013.01.23 12:05:00.036,0.98007,0.9803,2.25,1.88
2013.01.23 12:05:00.734,0.98007,0.9803,2.25,1.88
2013.01.23 12:05:02.217,0.98012,0.9803,1.50,1.88
2013.01.23 12:05:02.397,0.98015,0.98037,2.03,3.00
2013.01.23 12:05:02.797,0.98019,0.98039,2.25,1.13
2013.01.23 12:05:03.703,0.98019,0.98039,2.25,1.13
2013.01.23 12:05:04.477,0.98016,0.98039,1.65,1.88
2013.01.23 12:05:04.727,0.98019,0.9804,2.25,1.13
2013.01.23 12:05:05.427,0.98019,0.98041,2.25,1.88
2013.01.23 12:05:05.768,0.98019,0.98041,4.13,1.50
2013.01.23 12:05:06.147,0.98022,0.98044,2.25,2.40
2013.01.23 12:05:07.007,0.98022,0.98044,3.00,2.40
2013.01.23 12:05:07.806,0.9802,0.98039,1.65,1.50
2013.01.23 12:05:07.947,0.98019,0.98042,1.13,1.50
2013.01.23 12:05:08.007,0.98018,0.98041,3.60,3.38
2013.01.23 12:05:08.126,0.98016,0.98036,1.50,1.65
2013.01.23 12:05:08.246,0.98014,0.98036,1.50,1.65
2013.01.23 12:05:08.387,0.98014,0.98031,1.50,1.50
2013.01.23 12:05:08.449,0.98011,0.98031,1.88,1.50
2013.01.23 12:05:08.626,0.98012,0.98029,1.65,1.50
2013.01.23 12:05:09.537,0.98012,0.98029,1.50,1.65
2013.01.23 12:05:09.656,0.9801,0.98025,1.50,1.50
2013.01.23 12:05:10.436,0.98007,0.98025,1.13,2.25
2013.01.23 12:05:10.557,0.98005,0.98025,1.50,2.63
2013.01.23 12:05:10.929,0.98002,0.98019,1.50,1.50
2013.01.23 12:05:10.987,0.98002,0.98019,1.50,1.88
2013.01.23 12:05:11.600,0.97997,0.98019,3.00,1.88
2013.01.23 12:05:11.667,0.97997,0.98016,1.50,1.88
2013.01.23 12:05:11.957,0.97994,0.98016,3.15,1.65
2013.01.23 12:05:12.017,0.97995,0.98016,2.03,1.50
2013.01.23 12:05:12.376,0.98001,0.98023,1.50,2.03
2013.01.23 12:05:13.499,0.98004,0.98023,1.13,2.03
2013.01.23 12:05:17.967,0.98004,0.98026,1.13,2.03
2013.01.23 12:05:20.476,0.98002,0.98022,1.50,2.03
2013.01.23 12:05:24.726,0.98007,0.98024,1.50,2.03
2013.01.23 12:05:27.387,0.98007,0.98027,1.50,2.03
2013.01.23 12:05:35.337,0.98007,0.98027,1.50,2.03
2013.01.23 12:05:41.909,0.98007,0.98027,1.50,1.80
2013.01.23 12:05:42.047,0.98009,0.9803,2.25,2.03
2013.01.23 12:05:48.848,0.98009,0.98031,2.25,2.03
2013.01.23 12:05:49.207,0.98011,0.98031,1.65,1.50
2013.01.23 12:05:50.697,0.98012,0.98033,2.40,1.50
2013.01.23 12:05:50.756,0.98012,0.98033,2.40,1.50
2013.01.23 12:05:50.998,0.98011,0.98032,1.65,1.50
2013.01.23 12:05:51.543,0.98014,0.98037,2.25,2.03
2013.01.23 12:05:52.309,0.98017,0.98037,1.50,1.88
2013.01.23 12:05:52.964,0.98019,0.98043,2.25,3.00
2013.01.23 12:05:54.478,0.9802,0.98043,1.50,2.25
2013.01.23 12:05:54.747,0.98023,0.98044,2.25,2.25
2013.01.23 12:05:54.997,0.98026,0.98047,1.50,2.25
2013.01.23 12:05:55.367,0.98028,0.98049,1.50,1.50
2013.01.23 12:05:58.469,0.98027,0.98048,1.50,2.25
2013.01.23 12:06:00.446,0.98027,0.98048,1.50,1.88
2013.01.23 12:06:00.627,0.98027,0.98048,1.50,1.65
2013.01.23 12:06:01.138,0.98028,0.98052,2.25,2.25
2013.01.23 12:06:01.556,0.98029,0.98052,1.13,1.88
2013.01.23 12:06:01.739,0.98029,0.98052,1.13,1.65
2013.01.23 12:06:04.045,0.98029,0.98052,1.13,1.65
2013.01.23 12:06:07.717,0.98032,0.98053,2.25,1.13
2013.01.23 12:06:08.137,0.98028,0.98052,2.25,2.10
2013.01.23 12:06:08.668,0.98026,0.98047,1.28,1.65
2013.01.23 12:06:09.029,0.98024,0.98047,1.88,1.65
2013.01.23 12:06:10.719,0.98023,0.98047,2.25,2.03
2013.01.23 12:06:10.781,0.98023,0.98047,2.25,2.03
2013.01.23 12:06:10.907,0.98022,0.98043,1.50,1.88
2013.01.23 12:06:14.247,0.98025,0.98044,1.50,1.13
2013.01.23 12:06:14.308,0.98021,0.98042,3.00,2.40
2013.01.23 12:06:14.428,0.98021,0.98039,1.50,1.50
2013.01.23 12:06:14.548,0.98024,0.98043,1.13,2.25
2013.01.23 12:06:14.609,0.98024,0.98043,1.13,2.25
2013.01.23 12:06:14.667,0.98024,0.98044,1.13,1.50
2013.01.23 12:06:14.727,0.98024,0.98046,1.13,1.50
2013.01.23 12:06:14.847,0.98026,0.98048,2.40,3.90
2013.01.23 12:06:14.907,0.98026,0.98048,2.40,2.40
2013.01.23 12:06:15.789,0.98026,0.98048,2.40,2.40
2013.01.23 12:06:16.287,0.98022,0.98044,2.63,2.40
2013.01.23 12:06:16.836,0.98022,0.98044,2.25,2.40
2013.01.23 12:06:17.488,0.98021,0.98042,1.65,1.50
2013.01.23 12:06:17.618,0.98021,0.98039,1.65,1.50
2013.01.23 12:06:17.887,0.98021,0.98039,1.65,1.50
2013.01.23 12:06:18.067,0.98019,0.98036,1.13,1.50
2013.01.23 12:06:18.387,0.98016,0.98028,1.50,1.50
2013.01.23 12:06:18.447,0.98012,0.98028,1.50,1.50
2013.01.23 12:06:19.110,0.98009,0.98028,1.13,1.50
2013.01.23 12:06:19.656,0.98007,0.98028,1.50,1.88
2013.01.23 12:06:19.717,0.98007,0.98028,1.50,1.50
2013.01.23 12:06:19.836,0.98008,0.98031,2.25,1.05
2013.01.23 12:06:19.896,0.98008,0.98031,2.25,1.05
2013.01.23 12:06:20.228,0.98012,0.98032,1.50,1.50
2013.01.23 12:06:20.746,0.98012,0.98034,3.00,1.65
2013.01.23 12:06:22.308,0.98012,0.98034,3.00,1.65
2013.01.23 12:06:22.777,0.98017,0.98034,1.50,1.50
2013.01.23 12:06:23.137,0.98017,0.98039,1.50,1.50
2013.01.23 12:06:24.897,0.98019,0.98039,1.50,1.50
2013.01.23 12:06:25.025,0.98019,0.98041,3.00,1.50
2013.01.23 12:06:26.006,0.98019,0.98041,2.25,1.50
2013.01.23 12:06:26.177,0.98016,0.98038,3.00,1.50
2013.01.23 12:06:26.748,0.98016,0.98038,3.00,1.50
2013.01.23 12:06:28.708,0.98017,0.98038,1.88,1.50
2013.01.23 12:06:28.886,0.9802,0.98038,1.50,1.50
2013.01.23 12:06:29.007,0.9802,0.98038,1.50,1.50
2013.01.23 12:06:29.103,0.9802,0.9804,1.50,1.50
2013.01.23 12:06:29.637,0.9802,0.98041,1.50,1.50
2013.01.23 12:06:31.007,0.9802,0.98041,1.50,1.50
2013.01.23 12:06:34.710,0.98022,0.98041,1.13,1.50
2013.01.23 12:06:35.365,0.98022,0.98041,1.13,1.50
2013.01.23 12:06:35.867,0.9802,0.98041,1.13,1.50
2013.01.23 12:06:35.986,0.98022,0.98044,2.25,3.00
2013.01.23 12:06:39.046,0.98024,0.98044,1.13,2.25
2013.01.23 12:06:39.176,0.98022,0.98044,2.25,2.25
2013.01.23 12:06:41.038,0.98022,0.98044,2.25,2.25
2013.01.23 12:06:41.517,0.98022,0.98043,2.25,1.50
2013.01.23 12:06:43.248,0.98024,0.98043,1.50,1.50
2013.01.23 12:06:43.306,0.98024,0.98042,1.50,1.50
2013.01.23 12:06:43.892,0.98021,0.98042,2.25,1.50
2013.01.23 12:06:44.776,0.98021,0.98039,1.50,1.50
2013.01.23 12:06:48.376,0.98018,0.98042,1.50,2.25
2013.01.23 12:06:50.277,0.98019,0.98039,1.50,1.50
2013.01.23 12:06:51.118,0.9802,0.98039,1.50,1.50
2013.01.23 12:06:51.816,0.9802,0.98039,1.50,1.50
2013.01.23 12:06:51.938,0.98014,0.98037,2.25,1.50
2013.01.23 12:06:52.417,0.98014,0.98038,1.50,1.50
2013.01.23 12:06:52.567,0.98014,0.98038,1.50,1.50
2013.01.23 12:06:53.018,0.98014,0.98035,1.50,1.50
2013.01.23 12:06:53.487,0.98015,0.98035,1.88,1.50
2013.01.23 12:06:54.121,0.98019,0.98035,1.50,1.50
2013.01.23 12:06:54.677,0.98017,0.98035,2.25,1.50
2013.01.23 12:06:54.739,0.98017,0.98038,2.25,1.50
2013.01.23 12:06:54.976,0.98016,0.98038,2.25,3.15
2013.01.23 12:06:55.992,0.98016,0.98038,2.25,1.65
2013.01.23 12:06:57.897,0.98013,0.98033,1.50,1.50
2013.01.23 12:06:58.077,0.98013,0.98033,1.50,1.50
2013.01.23 12:06:58.257,0.98016,0.98035,1.50,1.50
2013.01.23 12:06:58.498,0.98013,0.98033,1.50,1.50
2013.01.23 12:06:59.001,0.98011,0.9803,1.13,1.50
2013.01.23 12:06:59.188,0.98011,0.98033,1.13,1.50
2013.01.23 12:06:59.307,0.98014,0.98033,1.50,1.50
2013.01.23 12:06:59.608,0.98012,0.98035,1.50,3.00
2013.01.23 12:06:59.674,0.9801,0.98035,1.50,3.00
2013.01.23 12:06:59.798,0.9801,0.98035,2.25,3.00
2013.01.23 12:06:59.909,0.9801,0.98035,1.50,3.00
2013.01.23 12:07:00.079,0.98007,0.98029,2.25,1.50
2013.01.23 12:07:00.657,0.98009,0.98029,5.63,1.50
2013.01.23 12:07:00.718,0.98009,0.98029,1.88,1.50
2013.01.23 12:07:01.271,0.98009,0.98029,1.88,2.25
2013.01.23 12:07:01.787,0.98009,0.98031,1.50,3.00
2013.01.23 12:07:02.419,0.98009,0.98031,1.50,3.00
2013.01.23 12:07:02.659,0.98009,0.98031,2.25,3.00
2013.01.23 12:07:02.719,0.98011,0.98031,1.50,2.25
2013.01.23 12:07:02.897,0.98012,0.98033,1.50,1.50
2013.01.23 12:07:03.417,0.98008,0.98032,2.25,2.25
2013.01.23 12:07:05.244,0.98008,0.98032,3.00,2.25
2013.01.23 12:07:06.738,0.98008,0.98032,2.25,2.25
2013.01.23 12:07:08.737,0.98008,0.98029,2.25,1.50
2013.01.23 12:07:08.888,0.98008,0.98029,1.50,1.50
2013.01.23 12:07:08.948,0.98006,0.98029,1.50,3.00
2013.01.23 12:07:09.465,0.98005,0.98026,1.50,2.25
2013.01.23 12:07:10.118,0.98005,0.98026,1.50,2.25
2013.01.23 12:07:10.658,0.98005,0.98026,2.25,2.25
2013.01.23 12:07:11.087,0.98009,0.98032,1.50,2.25
2013.01.23 12:07:11.619,0.98011,0.98033,1.13,3.15
2013.01.23 12:07:12.379,0.98018,0.98042,1.50,3.00
2013.01.23 12:07:12.497,0.98018,0.98042,5.63,3.00
2013.01.23 12:07:13.181,0.98018,0.98042,1.50,3.00
2013.01.23 12:07:13.236,0.98018,0.98042,1.50,3.00
2013.01.23 12:07:13.432,0.98018,0.98042,1.88,3.00
2013.01.23 12:07:13.562,0.98018,0.98042,1.88,3.00
2013.01.23 12:07:13.927,0.9802,0.98042,1.50,2.25
2013.01.23 12:07:15.042,0.98022,0.98044,1.50,2.25
2013.01.23 12:07:15.181,0.98019,0.98041,1.50,2.25
2013.01.23 12:07:15.691,0.98019,0.98041,1.50,2.25
2013.01.23 12:07:16.107,0.98021,0.98044,1.50,3.75
2013.01.23 12:07:16.483,0.98021,0.98044,2.63,3.75
2013.01.23 12:07:16.699,0.98024,0.98044,1.50,2.25
2013.01.23 12:07:17.224,0.98024,0.98046,1.50,2.25
2013.01.23 12:07:18.226,0.98024,0.98046,2.25,1.50
2013.01.23 12:07:18.347,0.98026,0.9805,1.50,2.25
2013.01.23 12:07:18.897,0.98026,0.9805,2.25,2.25
2013.01.23 12:07:19.437,0.98027,0.98049,2.25,2.25
2013.01.23 12:07:19.837,0.98029,0.98052,1.50,2.25
2013.01.23 12:07:21.006,0.98029,0.98053,1.50,1.50
2013.01.23 12:07:21.642,0.9803,0.98053,1.88,1.50
2013.01.23 12:07:21.956,0.98036,0.98058,1.50,3.00
2013.01.23 12:07:22.828,0.98039,0.98061,2.25,3.00
2013.01.23 12:07:22.957,0.98039,0.98061,2.25,1.50
2013.01.23 12:07:23.137,0.98041,0.98061,1.13,2.25
2013.01.23 12:07:23.378,0.98039,0.98059,1.50,1.50
2013.01.23 12:07:23.437,0.98039,0.98058,1.50,1.50
2013.01.23 12:07:23.558,0.98034,0.98056,1.50,2.25
2013.01.23 12:07:23.618,0.98034,0.98056,1.50,2.25
2013.01.23 12:07:23.857,0.98032,0.98054,1.13,2.25
2013.01.23 12:07:24.347,0.98031,0.98053,4.13,1.50
2013.01.23 12:07:24.749,0.98031,0.98053,4.88,1.50
2013.01.23 12:07:25.047,0.98027,0.98047,1.88,2.25
2013.01.23 12:07:27.667,0.98027,0.98047,1.50,1.50
2013.01.23 12:07:28.026,0.98029,0.98048,1.88,1.50
2013.01.23 12:07:28.087,0.9803,0.98051,4.50,3.00
2013.01.23 12:07:28.147,0.9803,0.98051,3.75,3.00
2013.01.23 12:07:28.659,0.98029,0.98051,1.88,2.25
2013.01.23 12:07:28.816,0.98029,0.98051,1.50,2.25
2013.01.23 12:07:29.616,0.98027,0.98049,1.13,2.25
2013.01.23 12:07:30.154,0.98026,0.98049,1.50,2.25
2013.01.23 12:07:32.738,0.98026,0.98049,1.13,2.25
2013.01.23 12:07:34.480,0.98026,0.98049,1.13,2.25
2013.01.23 12:07:34.718,0.98026,0.98049,1.88,2.25
2013.01.23 12:07:34.957,0.98029,0.98049,1.50,1.50
2013.01.23 12:07:35.307,0.9803,0.9805,1.50,1.50
2013.01.23 12:07:35.367,0.98028,0.9805,1.50,1.50
2013.01.23 12:07:35.567,0.98026,0.98049,3.38,2.25
2013.01.23 12:07:35.626,0.98028,0.9805,1.50,1.50
2013.01.23 12:07:36.947,0.98026,0.98047,2.25,2.25
2013.01.23 12:07:37.445,0.98028,0.98049,1.50,3.00
2013.01.23 12:07:38.716,0.98026,0.98047,2.63,2.25
2013.01.23 12:07:38.838,0.98023,0.98044,1.88,1.50
2013.01.23 12:07:39.250,0.98026,0.98049,1.88,1.50
2013.01.23 12:07:39.876,0.98028,0.98049,4.13,1.50
2013.01.23 12:07:40.453,0.9803,0.98049,1.88,1.50
2013.01.23 12:07:42.099,0.98034,0.98054,1.50,2.25
2013.01.23 12:07:42.158,0.98034,0.98054,5.63,2.25
2013.01.23 12:07:42.217,0.98034,0.98055,1.88,1.50
2013.01.23 12:07:42.338,0.98039,0.98055,1.50,1.50
2013.01.23 12:07:42.457,0.98037,0.98055,1.50,1.50
2013.01.23 12:07:42.517,0.98035,0.98055,1.50,1.50
2013.01.23 12:07:43.459,0.98035,0.98055,1.50,1.50
2013.01.23 12:07:43.837,0.9803,0.98052,1.50,2.25
2013.01.23 12:07:44.058,0.98028,0.98049,1.50,1.50
2013.01.23 12:07:44.118,0.98028,0.98052,2.25,2.25
2013.01.23 12:07:45.236,0.98029,0.98052,1.50,2.25
2013.01.23 12:07:45.497,0.98027,0.98052,2.25,2.40
2013.01.23 12:07:45.619,0.98027,0.98052,2.25,2.40
2013.01.23 12:07:45.988,0.98025,0.98048,1.13,1.50
2013.01.23 12:07:46.693,0.98024,0.98048,2.25,1.50
2013.01.23 12:07:47.109,0.98024,0.98048,1.50,1.50
2013.01.23 12:07:48.156,0.98024,0.98048,1.50,1.50
2013.01.23 12:07:48.456,0.98022,0.98045,2.25,2.25
2013.01.23 12:07:48.980,0.98022,0.98045,2.25,2.25
2013.01.23 12:07:49.064,0.98022,0.98045,2.25,2.25
2013.01.23 12:07:49.175,0.98022,0.98045,1.50,2.25
2013.01.23 12:07:49.237,0.98022,0.98045,2.25,2.25
2013.01.23 12:07:49.598,0.98022,0.98045,1.50,4.50
2013.01.23 12:07:50.126,0.98016,0.98039,2.25,2.25
2013.01.23 12:07:50.258,0.98016,0.98039,2.25,2.25
2013.01.23 12:07:53.041,0.98018,0.98043,2.25,3.00
2013.01.23 12:07:53.367,0.98017,0.98043,3.00,3.00
2013.01.23 12:07:53.931,0.98018,0.98041,2.25,2.25
2013.01.23 12:07:54.058,0.98021,0.98043,1.73,1.50
2013.01.23 12:07:54.587,0.98016,0.98039,1.73,2.25
2013.01.23 12:07:55.081,0.98016,0.98039,1.50,2.25
2013.01.23 12:07:55.609,0.98017,0.98043,1.50,2.25
2013.01.23 12:07:55.817,0.98017,0.98043,2.25,4.50
2013.01.23 12:07:56.166,0.98017,0.98043,2.25,4.50
2013.01.23 12:07:56.597,0.98021,0.98043,1.50,1.50
2013.01.23 12:07:57.527,0.98018,0.98042,1.50,3.00
2013.01.23 12:07:57.658,0.9802,0.98043,1.50,1.50
2013.01.23 12:07:58.197,0.9802,0.98043,1.50,1.50
2013.01.23 12:07:58.258,0.98022,0.98043,1.50,1.50
2013.01.23 12:07:58.557,0.9802,0.98044,1.50,1.50
2013.01.23 12:07:59.618,0.98021,0.98044,1.50,2.25
2013.01.23 12:07:59.797,0.98021,0.98042,1.50,1.50
2013.01.23 12:07:59.857,0.98017,0.9804,3.23,2.25
2013.01.23 12:07:59.916,0.98017,0.9804,3.98,2.25
2013.01.23 12:08:02.521,0.98021,0.98045,1.50,3.00
2013.01.23 12:08:07.917,0.98021,0.98044,2.25,1.50
2013.01.23 12:08:08.937,0.98021,0.98044,2.25,1.50
2013.01.23 12:08:12.039,0.98024,0.98044,1.50,1.50
2013.01.23 12:08:13.379,0.98021,0.98044,2.25,1.50
2013.01.23 12:08:15.345,0.98025,0.98047,1.50,1.50
2013.01.23 12:08:20.339,0.98025,0.98046,1.50,1.50
2013.01.23 12:08:21.098,0.98025,0.98047,1.50,2.25
2013.01.23 12:08:21.557,0.98025,0.98047,1.50,1.50
2013.01.23 12:08:22.110,0.98025,0.98045,1.50,1.50
2013.01.23 12:08:22.557,0.98025,0.98044,1.50,1.50
2013.01.23 12:08:24.778,0.98027,0.98046,1.50,3.75
2013.01.23 12:08:25.757,0.98027,0.98047,1.50,1.50
2013.01.23 12:08:26.470,0.98024,0.98045,3.00,1.50
2013.01.23 12:08:27.291,0.98032,0.98045,1.50,1.50
2013.01.23 12:08:27.407,0.98032,0.98045,1.50,1.50
2013.01.23 12:08:27.647,0.98032,0.98049,1.50,2.25
2013.01.23 12:08:30.567,0.98032,0.98049,1.50,1.65
2013.01.23 12:08:30.965,0.98025,0.98037,1.50,1.13
2013.01.23 12:08:31.267,0.98017,0.98034,1.50,2.40
2013.01.23 12:08:31.327,0.98017,0.98034,1.50,4.13
2013.01.23 12:08:31.453,0.98013,0.98034,1.50,4.13
2013.01.23 12:08:31.697,0.98013,0.98031,1.50,1.50
2013.01.23 12:08:32.008,0.98013,0.9803,1.50,1.50
2013.01.23 12:08:34.847,0.98015,0.98033,1.50,1.88
2013.01.23 12:08:35.207,0.98023,0.98037,1.50,2.48
2013.01.23 12:08:36.848,0.98023,0.98037,1.50,1.50
2013.01.23 12:08:36.967,0.98023,0.98037,1.50,1.50
2013.01.23 12:08:37.277,0.98019,0.98035,1.50,1.50
2013.01.23 12:08:39.717,0.98019,0.98035,1.50,1.50
2013.01.23 12:08:39.837,0.98019,0.98036,1.50,1.95
2013.01.23 12:08:40.119,0.98019,0.98034,1.50,1.50
2013.01.23 12:08:40.488,0.98019,0.98037,1.50,1.50
2013.01.23 12:08:40.796,0.98014,0.98034,2.25,1.50
2013.01.23 12:08:40.917,0.98014,0.98034,1.50,1.50
2013.01.23 12:08:41.100,0.98014,0.98034,2.25,1.50
2013.01.23 12:08:41.518,0.98015,0.98033,1.50,1.50
2013.01.23 12:08:41.708,0.98017,0.98034,1.50,2.25
2013.01.23 12:08:41.917,0.98017,0.98034,1.50,2.25
2013.01.23 12:08:41.978,0.98014,0.98034,1.50,2.25
2013.01.23 12:08:42.318,0.98014,0.98034,1.50,2.25
2013.01.23 12:08:42.537,0.98017,0.98034,1.50,1.50
2013.01.23 12:08:42.910,0.98015,0.98034,3.00,1.50
2013.01.23 12:08:43.578,0.98015,0.98033,1.50,1.50
2013.01.23 12:08:44.099,0.98015,0.98034,1.50,1.50
2013.01.23 12:08:52.677,0.98013,0.98027,1.50,1.50
2013.01.23 12:08:53.157,0.9801,0.98023,1.50,1.50
2013.01.23 12:08:56.183,0.9801,0.98023,1.50,1.50
2013.01.23 12:08:56.309,0.9801,0.98023,1.50,1.50
2013.01.23 12:08:56.497,0.9801,0.98023,1.50,1.50
2013.01.23 12:08:56.617,0.9801,0.98023,1.50,1.50
2013.01.23 12:08:57.482,0.98008,0.98024,1.50,1.50
2013.01.23 12:08:57.606,0.98011,0.98026,1.50,1.50
2013.01.23 12:08:58.878,0.98009,0.98023,1.50,1.50
2013.01.23 12:08:59.763,0.98006,0.98023,1.50,1.50
2013.01.23 12:09:00.038,0.98008,0.98023,1.50,1.50
2013.01.23 12:09:01.403,0.98011,0.98023,1.50,1.50
2013.01.23 12:09:01.784,0.98013,0.98023,1.50,1.50
2013.01.23 12:09:04.353,0.98012,0.98028,1.50,1.50
2013.01.23 12:09:04.926,0.98011,0.98028,1.50,1.50
2013.01.23 12:09:05.830,0.98011,0.98029,1.50,2.25
2013.01.23 12:09:06.089,0.98013,0.98029,1.50,1.50
2013.01.23 12:09:09.689,0.9801,0.98029,1.50,1.50
2013.01.23 12:09:09.807,0.98008,0.98029,1.50,1.50
2013.01.23 12:09:10.775,0.98008,0.98024,1.50,1.50
2013.01.23 12:09:11.127,0.98004,0.98024,2.25,1.50
2013.01.23 12:09:11.307,0.98007,0.98024,1.50,1.50
2013.01.23 12:09:13.638,0.98009,0.98029,1.50,1.50
2013.01.23 12:09:14.029,0.98015,0.98032,1.50,1.05
2013.01.23 12:09:14.357,0.98018,0.98034,1.50,1.50
2013.01.23 12:09:15.008,0.9802,0.98036,1.50,2.48
2013.01.23 12:09:15.367,0.98028,0.98044,1.50,1.50
2013.01.23 12:09:15.547,0.98034,0.98048,1.50,1.50
2013.01.23 12:09:15.607,0.98038,0.98048,1.50,1.50
2013.01.23 12:09:15.668,0.98038,0.98048,3.00,1.50
2013.01.23 12:09:15.727,0.9804,0.98048,1.50,1.50
2013.01.23 12:09:16.036,0.98043,0.98053,1.50,1.50
2013.01.23 12:09:16.219,0.98046,0.98056,1.50,1.50
2013.01.23 12:09:16.288,0.98049,0.98056,1.50,1.50
2013.01.23 12:09:16.689,0.98049,0.98064,1.50,1.80
2013.01.23 12:09:16.807,0.98049,0.98064,1.50,1.80
2013.01.23 12:09:16.928,0.98049,0.98064,1.50,1.80
2013.01.23 12:09:17.287,0.98055,0.98073,1.50,1.50
2013.01.23 12:09:17.648,0.98057,0.98073,1.50,1.50
2013.01.23 12:09:18.066,0.98054,0.98073,1.50,3.68
2013.01.23 12:09:18.320,0.98054,0.98071,1.50,2.10
2013.01.23 12:09:19.971,0.98052,0.98064,1.50,1.50
2013.01.23 12:09:20.028,0.98045,0.9806,1.50,2.93
2013.01.23 12:09:20.087,0.98045,0.9806,1.50,2.93
2013.01.23 12:09:20.147,0.98044,0.98058,1.50,2.40
2013.01.23 12:09:20.336,0.98042,0.98058,5.25,2.40
2013.01.23 12:09:21.057,0.98039,0.98056,1.50,1.50
2013.01.23 12:09:21.247,0.98039,0.98054,1.50,1.50
2013.01.23 12:09:22.357,0.9804,0.98058,1.50,1.50
2013.01.23 12:09:22.417,0.98042,0.98058,1.50,1.50
2013.01.23 12:09:22.536,0.98039,0.98058,1.50,1.50
2013.01.23 12:09:22.657,0.98039,0.98057,1.50,2.70
2013.01.23 12:09:23.097,0.98039,0.98055,1.50,3.53
2013.01.23 12:09:25.297,0.98039,0.98053,1.50,1.50
2013.01.23 12:09:25.841,0.98031,0.98048,2.25,2.03
2013.01.23 12:09:25.957,0.98036,0.9805,1.50,3.00
2013.01.23 12:09:26.018,0.98033,0.98051,1.50,1.88
2013.01.23 12:09:26.197,0.98033,0.98051,4.50,1.50
2013.01.23 12:09:26.397,0.98037,0.98051,1.50,1.50
2013.01.23 12:09:27.069,0.9804,0.98052,1.50,1.50
2013.01.23 12:09:27.588,0.9804,0.98052,1.50,1.50
2013.01.23 12:09:28.880,0.98038,0.98053,1.50,1.50
2013.01.23 12:09:29.436,0.98037,0.98053,1.50,1.50
2013.01.23 12:09:29.497,0.98034,0.98053,1.88,1.50
2013.01.23 12:09:30.619,0.98034,0.98053,1.88,1.50
2013.01.23 12:09:30.827,0.98036,0.98053,1.88,1.50
2013.01.23 12:09:31.438,0.98038,0.98056,1.88,1.50
2013.01.23 12:09:31.497,0.98038,0.98056,1.88,1.50
2013.01.23 12:09:31.556,0.9804,0.98057,1.13,1.65
2013.01.23 12:09:31.737,0.98044,0.98063,2.63,1.50
2013.01.23 12:09:32.037,0.98048,0.98062,1.50,1.50
2013.01.23 12:09:32.905,0.98048,0.98066,2.25,1.50
2013.01.23 12:09:33.027,0.98053,0.98069,1.50,1.50
2013.01.23 12:09:33.147,0.98056,0.98074,1.50,1.50
2013.01.23 12:09:33.508,0.98056,0.98075,1.50,1.65
2013.01.23 12:09:33.928,0.98056,0.98073,1.50,2.03
2013.01.23 12:09:34.046,0.98056,0.98074,1.50,1.50
2013.01.23 12:09:34.577,0.98056,0.98075,1.50,1.65
2013.01.23 12:09:34.757,0.98056,0.98078,1.88,2.40
2013.01.23 12:09:35.171,0.98062,0.98078,1.50,1.65
2013.01.23 12:09:35.317,0.98059,0.98078,1.13,1.65
2013.01.23 12:09:35.436,0.98061,0.98078,1.50,1.65
2013.01.23 12:09:35.869,0.98059,0.98079,1.13,1.13
2013.01.23 12:09:36.387,0.98058,0.9808,2.25,1.50
2013.01.23 12:09:36.637,0.98061,0.98081,1.50,2.33
2013.01.23 12:09:36.698,0.98062,0.98081,1.50,1.50
2013.01.23 12:09:36.877,0.98065,0.98081,1.50,1.50
2013.01.23 12:09:37.206,0.98068,0.98087,1.50,2.03
2013.01.23 12:09:38.148,0.98065,0.98085,1.50,1.73
2013.01.23 12:09:39.328,0.98064,0.98083,1.13,1.50
2013.01.23 12:09:39.908,0.98062,0.98084,1.88,1.50
2013.01.23 12:09:40.474,0.98062,0.98082,1.50,1.50
2013.01.23 12:09:40.538,0.9806,0.98082,2.25,3.08
2013.01.23 12:09:41.148,0.9806,0.98081,1.50,1.50
2013.01.23 12:09:41.690,0.9806,0.9808,1.50,3.45
2013.01.23 12:09:41.767,0.98057,0.98078,1.88,1.50
2013.01.23 12:09:41.958,0.98053,0.98076,1.88,1.50
2013.01.23 12:09:42.147,0.98053,0.98077,2.63,1.50
2013.01.23 12:09:42.255,0.98053,0.98077,3.38,1.50
2013.01.23 12:09:42.667,0.98057,0.98077,1.13,1.50
2013.01.23 12:09:42.727,0.98057,0.98077,2.63,1.50
2013.01.23 12:09:43.257,0.98057,0.98077,2.25,2.63
2013.01.23 12:09:44.455,0.98054,0.98077,1.88,2.63
2013.01.23 12:09:44.518,0.98054,0.98077,1.88,1.50
2013.01.23 12:09:44.648,0.98054,0.98078,1.88,3.00
2013.01.23 12:09:45.335,0.98054,0.98074,1.88,2.25
2013.01.23 12:09:45.401,0.98054,0.98077,2.25,2.25
2013.01.23 12:09:45.771,0.98055,0.98078,2.25,1.50
2013.01.23 12:09:45.957,0.98055,0.98077,1.88,1.50
2013.01.23 12:09:46.392,0.98051,0.98074,2.25,2.25
2013.01.23 12:09:46.639,0.98048,0.98072,2.25,2.25
2013.01.23 12:09:46.757,0.98046,0.98068,1.13,2.25
2013.01.23 12:09:47.477,0.98046,0.98068,1.13,2.25
2013.01.23 12:09:48.008,0.98045,0.98064,1.88,1.50
2013.01.23 12:09:48.068,0.98045,0.98064,2.25,1.50
2013.01.23 12:09:48.129,0.98043,0.98056,1.50,1.50
2013.01.23 12:09:48.487,0.98029,0.98054,2.25,2.25
2013.01.23 12:09:48.608,0.9803,0.98053,3.00,1.50
2013.01.23 12:09:48.727,0.98026,0.9805,2.25,2.25
2013.01.23 12:09:49.087,0.98026,0.98048,2.25,1.88
2013.01.23 12:09:49.147,0.98022,0.98047,2.25,2.25
2013.01.23 12:09:49.207,0.98024,0.98043,3.00,2.25
2013.01.23 12:09:49.269,0.98024,0.98043,3.00,2.25
2013.01.23 12:09:49.507,0.98017,0.9804,3.00,2.25
2013.01.23 12:09:50.048,0.98021,0.9804,1.50,2.25
2013.01.23 12:09:51.003,0.98021,0.98044,1.50,2.25
2013.01.23 12:09:51.389,0.98021,0.98044,1.50,2.25
2013.01.23 12:09:51.581,0.98023,0.98044,3.00,2.25
2013.01.23 12:09:52.449,0.98021,0.98044,1.50,2.25
2013.01.23 12:09:53.751,0.98022,0.98044,2.25,2.25
2013.01.23 12:09:54.108,0.98021,0.98041,1.50,2.25
2013.01.23 12:09:54.421,0.98018,0.98041,2.25,2.25
2013.01.23 12:09:55.772,0.98021,0.98044,2.25,3.00
2013.01.23 12:09:56.697,0.98017,0.98042,4.50,2.25
2013.01.23 12:09:57.912,0.98017,0.98042,2.25,2.25
2013.01.23 12:09:58.107,0.98017,0.98042,1.50,4.58
2013.01.23 12:09:58.450,0.98021,0.98043,1.50,2.78
2013.01.23 12:09:58.627,0.98021,0.98044,1.50,3.75
2013.01.23 12:09:58.687,0.98018,0.9804,1.50,2.25
2013.01.23 12:09:58.867,0.98019,0.98043,1.50,2.25
2013.01.23 12:09:59.059,0.98019,0.98044,1.50,3.00
2013.01.23 12:09:59.731,0.98019,0.98043,1.50,1.50
2013.01.23 12:09:59.871,0.98019,0.98044,3.00,2.25
2013.01.23 12:10:00.300,0.98023,0.98045,1.50,2.25
2013.01.23 12:10:00.659,0.9802,0.98043,2.25,2.25
2013.01.23 12:10:01.043,0.98023,0.98046,1.50,2.25
2013.01.23 12:10:01.183,0.98023,0.98046,1.50,2.25
2013.01.23 12:10:01.309,0.98021,0.98043,1.50,2.25
2013.01.23 12:10:01.367,0.98019,0.98043,1.50,2.25
2013.01.23 12:10:01.428,0.98019,0.98043,2.25,2.25
2013.01.23 12:10:01.818,0.98021,0.98043,1.50,2.25
2013.01.23 12:10:02.758,0.98021,0.98043,1.50,1.50
2013.01.23 12:10:02.888,0.98029,0.98045,1.50,1.50
2013.01.23 12:10:03.238,0.98031,0.98045,3.75,1.50
2013.01.23 12:10:03.553,0.98031,0.98047,3.75,1.50
2013.01.23 12:10:03.838,0.98031,0.98052,3.75,1.50
2013.01.23 12:10:03.957,0.98031,0.98052,3.75,1.50
2013.01.23 12:10:04.258,0.98031,0.98055,2.25,1.50
2013.01.23 12:10:04.380,0.9803,0.98053,2.25,1.50
2013.01.23 12:10:04.997,0.9803,0.98053,2.25,1.50
2013.01.23 12:10:05.458,0.9803,0.98053,2.25,1.50
2013.01.23 12:10:05.769,0.98032,0.98056,2.25,2.25
2013.01.23 12:10:06.077,0.98029,0.98054,3.00,1.50
2013.01.23 12:10:06.432,0.98029,0.98054,2.25,1.50
2013.01.23 12:10:06.498,0.98029,0.98054,3.00,1.50
2013.01.23 12:10:06.657,0.98029,0.98054,2.25,1.50
2013.01.23 12:10:06.718,0.98029,0.98054,2.25,1.50
2013.01.23 12:10:06.839,0.98029,0.98054,1.73,2.25
2013.01.23 12:10:07.107,0.98029,0.98052,1.50,1.50
2013.01.23 12:10:07.437,0.98028,0.9805,3.75,1.50
2013.01.23 12:10:07.829,0.98028,0.98053,5.25,1.50
2013.01.23 12:10:07.926,0.98028,0.98053,5.25,1.50
2013.01.23 12:10:08.047,0.9803,0.98053,1.50,1.50
2013.01.23 12:10:08.369,0.98036,0.98062,2.25,3.00
2013.01.23 12:10:08.749,0.98034,0.98057,2.25,1.50
2013.01.23 12:10:09.017,0.98031,0.98056,4.13,1.50
2013.01.23 12:10:09.138,0.98032,0.98056,1.73,1.50
2013.01.23 12:10:09.557,0.98037,0.9806,2.25,2.25
2013.01.23 12:10:09.677,0.98034,0.98058,2.25,1.50
2013.01.23 12:10:10.157,0.9804,0.98065,2.48,2.25
2013.01.23 12:10:10.557,0.98045,0.98067,2.25,1.50
2013.01.23 12:10:10.949,0.98043,0.98065,2.25,1.50
2013.01.23 12:10:11.267,0.98043,0.98065,2.48,1.50
2013.01.23 12:10:11.447,0.9805,0.98067,1.50,1.50
2013.01.23 12:10:11.567,0.98055,0.98078,3.15,2.25
2013.01.23 12:10:11.627,0.98057,0.98078,1.50,1.50
2013.01.23 12:10:11.867,0.98055,0.98077,3.75,2.25
2013.01.23 12:10:11.927,0.98057,0.98077,3.75,2.25
2013.01.23 12:10:12.257,0.98057,0.98076,3.75,2.25
2013.01.23 12:10:12.853,0.98054,0.98073,2.25,2.25
2013.01.23 12:10:12.977,0.98054,0.98073,3.00,2.25
2013.01.23 12:10:13.898,0.98053,0.98076,1.50,3.00
2013.01.23 12:10:14.449,0.98053,0.98076,2.25,2.25
2013.01.23 12:10:15.344,0.98053,0.98076,2.25,2.25
2013.01.23 12:10:16.335,0.98053,0.98076,2.25,2.25
2013.01.23 12:10:16.887,0.98053,0.98076,1.50,2.25
2013.01.23 12:10:17.129,0.98051,0.98074,2.25,2.25
2013.01.23 12:10:17.188,0.98049,0.98074,2.25,2.25
2013.01.23 12:10:18.127,0.98048,0.9807,4.50,2.25
2013.01.23 12:10:18.248,0.98048,0.98067,1.50,2.40
2013.01.23 12:10:18.607,0.98047,0.98065,1.50,1.50
2013.01.23 12:10:18.908,0.9805,0.98065,1.50,1.50
2013.01.23 12:10:19.087,0.98051,0.98073,1.50,2.25
2013.01.23 12:10:19.208,0.98049,0.98072,1.50,2.25
2013.01.23 12:10:19.267,0.98048,0.98072,2.25,2.25
2013.01.23 12:10:19.387,0.98046,0.98068,2.25,1.50
2013.01.23 12:10:19.447,0.98045,0.98065,1.50,1.50
2013.01.23 12:10:19.757,0.98043,0.98065,2.25,2.25
2013.01.23 12:10:20.441,0.98041,0.98062,1.65,1.50
2013.01.23 12:10:21.007,0.98043,0.98065,2.25,2.25
2013.01.23 12:10:21.247,0.98045,0.98067,2.25,1.50
2013.01.23 12:10:21.447,0.98048,0.98068,2.25,1.50
2013.01.23 12:10:21.807,0.98048,0.98071,2.25,2.25
2013.01.23 12:10:22.297,0.98048,0.98071,2.25,3.38
2013.01.23 12:10:22.884,0.98043,0.98065,2.48,2.25
2013.01.23 12:10:23.988,0.98043,0.98065,2.25,2.25
2013.01.23 12:10:31.628,0.98043,0.98065,2.25,2.25
2013.01.23 12:10:31.700,0.98043,0.98065,2.25,1.50
2013.01.23 12:10:32.068,0.98047,0.98071,2.25,1.50
2013.01.23 12:10:32.717,0.98045,0.98068,2.25,2.63
2013.01.23 12:10:33.477,0.98045,0.98068,2.25,2.25
2013.01.23 12:10:33.943,0.98045,0.98068,2.25,2.25
2013.01.23 12:10:34.121,0.98045,0.98068,2.25,2.25
2013.01.23 12:10:34.543,0.98045,0.98068,2.25,2.25
2013.01.23 12:10:35.166,0.98045,0.98068,2.25,3.00
2013.01.23 12:10:35.899,0.98047,0.98068,1.50,3.00
2013.01.23 12:10:36.386,0.98048,0.98068,2.25,1.50
2013.01.23 12:10:36.447,0.98048,0.9807,2.25,2.25
2013.01.23 12:10:38.448,0.98047,0.98068,1.50,2.25
2013.01.23 12:10:40.318,0.98049,0.98072,2.48,2.25
2013.01.23 12:10:40.863,0.98049,0.98072,2.48,2.25
2013.01.23 12:10:41.097,0.98047,0.98066,1.13,1.50
2013.01.23 12:10:41.447,0.98045,0.98065,1.13,1.50
2013.01.23 12:10:42.199,0.98046,0.98065,1.65,1.50
2013.01.23 12:10:42.588,0.98047,0.98067,1.65,1.50
2013.01.23 12:10:43.160,0.98048,0.98068,1.73,1.50
2013.01.23 12:10:43.794,0.98048,0.98068,1.73,1.50
2013.01.23 12:10:44.347,0.98046,0.98068,2.25,1.50
2013.01.23 12:10:44.528,0.98043,0.98065,7.65,1.50
2013.01.23 12:10:44.889,0.98043,0.98053,6.90,1.50
2013.01.23 12:10:45.597,0.98038,0.98053,1.50,1.50
2013.01.23 12:10:46.456,0.98038,0.98053,1.50,1.50
2013.01.23 12:10:46.666,0.98034,0.98053,1.88,2.25
2013.01.23 12:10:46.727,0.98031,0.9805,1.13,2.25
2013.01.23 12:10:47.324,0.98027,0.98044,2.10,2.25
2013.01.23 12:10:47.423,0.98021,0.98037,2.63,1.50
2013.01.23 12:10:47.489,0.98021,0.98037,2.63,1.50
2013.01.23 12:10:47.548,0.98021,0.98042,1.88,3.00
2013.01.23 12:10:47.607,0.98021,0.9804,1.88,1.50
2013.01.23 12:10:48.366,0.98021,0.9804,1.50,1.50
2013.01.23 12:10:48.900,0.98021,0.98038,1.50,1.50
2013.01.23 12:10:50.338,0.98021,0.98038,1.50,1.50
2013.01.23 12:10:50.587,0.98021,0.98038,1.50,1.50
2013.01.23 12:10:50.897,0.98021,0.98042,1.50,1.50
2013.01.23 12:10:53.852,0.98024,0.98042,1.50,1.50
2013.01.23 12:10:54.629,0.98022,0.98042,1.50,1.50
2013.01.23 12:10:55.182,0.98022,0.98042,1.50,1.50
2013.01.23 12:10:58.267,0.98026,0.98042,1.50,1.50
2013.01.23 12:10:58.327,0.98026,0.98049,1.50,1.50
2013.01.23 12:10:58.387,0.98028,0.98047,1.73,1.50
2013.01.23 12:10:58.508,0.98034,0.98054,1.50,1.50
2013.01.23 12:10:58.869,0.9804,0.98056,1.65,1.50
2013.01.23 12:10:58.928,0.98041,0.98061,1.50,1.50
2013.01.23 12:10:59.048,0.98041,0.98063,1.50,3.75
2013.01.23 12:10:59.168,0.98042,0.98063,1.50,1.50
2013.01.23 12:10:59.289,0.98042,0.98063,1.50,2.25
2013.01.23 12:10:59.347,0.98042,0.9806,1.50,1.50
2013.01.23 12:10:59.709,0.98042,0.98058,1.50,1.50
2013.01.23 12:10:59.947,0.98031,0.98051,1.65,1.50
2013.01.23 12:11:00.488,0.98029,0.98045,1.13,1.50
2013.01.23 12:11:00.847,0.98027,0.98041,1.13,1.50
2013.01.23 12:11:00.906,0.98024,0.98041,1.65,1.50
2013.01.23 12:11:01.499,0.98023,0.98041,3.75,1.50
2013.01.23 12:11:01.677,0.98022,0.98039,1.50,1.50
2013.01.23 12:11:03.888,0.98022,0.98041,1.50,3.00
2013.01.23 12:11:03.947,0.98024,0.98041,1.50,1.50
2013.01.23 12:11:04.126,0.98024,0.98044,1.50,3.75
2013.01.23 12:11:07.659,0.98026,0.98044,1.73,1.50
2013.01.23 12:11:07.947,0.98028,0.98047,1.50,1.50
2013.01.23 12:11:08.367,0.98027,0.98048,1.50,1.50
2013.01.23 12:11:08.427,0.98026,0.98044,2.48,1.50
2013.01.23 12:11:08.887,0.98026,0.98044,2.48,1.50
2013.01.23 12:11:09.917,0.98025,0.98042,1.50,1.50
2013.01.23 12:11:10.097,0.98025,0.98044,1.50,1.50
2013.01.23 12:11:10.477,0.98025,0.98047,1.50,2.25
2013.01.23 12:11:10.537,0.98029,0.98049,1.50,3.00
2013.01.23 12:11:10.597,0.9803,0.98051,3.00,2.25
2013.01.23 12:11:11.077,0.98037,0.98054,1.50,1.50
2013.01.23 12:11:11.137,0.98037,0.98059,1.50,3.00
2013.01.23 12:11:11.671,0.98038,0.98059,1.50,1.50
2013.01.23 12:11:12.807,0.98039,0.98059,1.50,1.50
2013.01.23 12:11:12.928,0.98042,0.98059,1.50,1.50
2013.01.23 12:11:12.987,0.98039,0.98059,1.50,1.50
2013.01.23 12:11:13.288,0.98043,0.98065,1.50,2.78
2013.01.23 12:11:13.831,0.98039,0.98061,3.00,1.50
2013.01.23 12:11:13.948,0.98037,0.98058,1.50,1.50
2013.01.23 12:11:14.293,0.98036,0.98058,3.00,1.50
2013.01.23 12:11:14.951,0.98037,0.98058,1.50,1.50
2013.01.23 12:11:15.417,0.98039,0.9806,1.50,1.50
2013.01.23 12:11:16.048,0.98038,0.98059,2.25,1.50
2013.01.23 12:11:16.168,0.98036,0.98057,1.50,1.50
2013.01.23 12:11:17.478,0.98035,0.98057,3.00,2.25
2013.01.23 12:11:18.480,0.98035,0.98055,1.50,1.50
2013.01.23 12:11:18.809,0.98034,0.98055,1.50,1.50
2013.01.23 12:11:18.926,0.98032,0.98055,2.25,2.25
2013.01.23 12:11:19.048,0.98031,0.98052,1.50,1.50
2013.01.23 12:11:19.407,0.98027,0.98049,3.15,1.50
2013.01.23 12:11:19.468,0.98027,0.98049,2.40,1.50
2013.01.23 12:11:19.588,0.98026,0.98046,1.65,1.50
2013.01.23 12:11:20.107,0.98022,0.98043,2.25,1.50
2013.01.23 12:11:20.615,0.98022,0.98043,2.25,1.50
2013.01.23 12:11:21.597,0.98023,0.98042,1.50,1.50
2013.01.23 12:11:21.838,0.98024,0.98048,3.00,2.25
2013.01.23 12:11:21.908,0.98024,0.98045,3.00,1.50
2013.01.23 12:11:22.267,0.98023,0.98043,1.50,3.00
2013.01.23 12:11:22.796,0.98023,0.98043,1.50,1.50
2013.01.23 12:11:22.978,0.98022,0.98043,2.25,1.50
2013.01.23 12:11:23.677,0.9802,0.98041,3.00,1.50
2013.01.23 12:11:24.238,0.98022,0.98043,1.50,1.50
2013.01.23 12:11:24.829,0.98022,0.98044,2.25,1.50
2013.01.23 12:11:25.047,0.98021,0.98041,1.50,1.50
2013.01.23 12:11:25.527,0.98021,0.98045,3.00,2.25
2013.01.23 12:11:26.038,0.98021,0.98045,3.00,2.25
2013.01.23 12:11:26.468,0.98024,0.98046,1.50,1.13
2013.01.23 12:11:26.897,0.98024,0.98046,2.25,1.13
2013.01.23 12:11:27.313,0.98022,0.98044,1.50,1.50
2013.01.23 12:11:28.191,0.98022,0.98044,1.50,1.50
2013.01.23 12:11:28.558,0.98023,0.98047,2.25,2.25
2013.01.23 12:11:28.928,0.98022,0.98042,3.00,1.50
2013.01.23 12:11:29.457,0.9802,0.98041,2.25,1.50
2013.01.23 12:11:30.429,0.9802,0.98041,2.25,1.50
2013.01.23 12:11:32.047,0.98022,0.98043,2.25,1.50
2013.01.23 12:11:32.167,0.98022,0.98043,2.25,1.50
2013.01.23 12:11:32.711,0.98024,0.98046,2.25,2.25
2013.01.23 12:11:33.860,0.98022,0.98043,3.00,1.50
2013.01.23 12:11:36.447,0.98024,0.98046,2.25,1.50
2013.01.23 12:11:36.627,0.98026,0.98048,1.50,1.50
2013.01.23 12:11:37.691,0.98026,0.98044,1.50,1.50
2013.01.23 12:11:37.759,0.98026,0.98046,1.50,1.50
2013.01.23 12:11:37.829,0.98026,0.98048,1.50,1.50
2013.01.23 12:11:39.802,0.98025,0.98048,1.50,2.25
2013.01.23 12:11:40.354,0.98025,0.98048,1.50,2.25
2013.01.23 12:11:40.417,0.98025,0.98048,1.50,2.25
2013.01.23 12:11:40.957,0.98026,0.98048,1.50,1.50
2013.01.23 12:11:41.019,0.98024,0.98048,3.75,2.25
2013.01.23 12:11:41.337,0.98025,0.98046,1.50,1.50
2013.01.23 12:11:41.787,0.98024,0.98046,2.25,1.50
2013.01.23 12:11:41.907,0.98026,0.9805,2.25,2.25
2013.01.23 12:11:42.027,0.98028,0.9805,1.50,1.50
2013.01.23 12:11:42.469,0.98029,0.98053,1.50,2.25
2013.01.23 12:11:43.097,0.98028,0.98049,2.25,1.50
2013.01.23 12:11:44.089,0.98026,0.98049,2.25,2.25
2013.01.23 12:11:44.898,0.98026,0.98049,2.63,2.25
2013.01.23 12:11:45.257,0.9803,0.98048,1.50,1.50
2013.01.23 12:11:45.318,0.9803,0.98051,1.50,1.50
2013.01.23 12:11:45.377,0.9803,0.98048,1.50,1.50
2013.01.23 12:11:46.048,0.98028,0.98045,1.50,1.50
2013.01.23 12:11:46.512,0.98026,0.98045,1.65,1.50
2013.01.23 12:11:46.732,0.98026,0.98045,1.65,1.50
2013.01.23 12:11:48.548,0.98026,0.98045,1.50,1.50
2013.01.23 12:11:50.832,0.98034,0.9805,1.50,1.50
2013.01.23 12:11:54.917,0.98034,0.9805,1.50,1.50
2013.01.23 12:11:54.977,0.98034,0.98053,1.50,1.50
2013.01.23 12:11:56.580,0.98038,0.98055,1.50,1.50
2013.01.23 12:11:56.699,0.98038,0.98057,1.50,1.50
2013.01.23 12:11:57.238,0.98039,0.98057,1.50,1.50
2013.01.23 12:11:57.558,0.98038,0.98054,2.25,1.50
2013.01.23 12:11:58.746,0.98038,0.98053,1.50,1.50
2013.01.23 12:11:58.807,0.98036,0.98053,2.25,1.50
2013.01.23 12:11:58.927,0.98036,0.98053,1.50,2.25
2013.01.23 12:11:59.047,0.98035,0.98049,1.50,1.50
2013.01.23 12:12:00.448,0.98033,0.98051,1.50,1.50
2013.01.23 12:12:00.953,0.98031,0.98052,1.88,1.50
2013.01.23 12:12:01.088,0.98031,0.98049,1.88,1.50
2013.01.23 12:12:01.967,0.98031,0.98051,1.50,1.50
2013.01.23 12:12:04.867,0.98031,0.9805,1.50,1.50
2013.01.23 12:12:05.488,0.98031,0.98049,1.50,1.50
2013.01.23 12:12:09.597,0.9803,0.98049,1.50,1.50
2013.01.23 12:12:12.847,0.9803,0.98051,1.50,2.25
2013.01.23 12:12:13.739,0.98028,0.98051,1.50,3.75
2013.01.23 12:12:14.133,0.98021,0.98045,3.00,2.25
2013.01.23 12:12:15.288,0.98021,0.98045,2.25,2.25
2013.01.23 12:12:15.562,0.98021,0.98045,2.25,2.25
2013.01.23 12:12:16.117,0.98021,0.98045,3.00,3.00
2013.01.23 12:12:16.418,0.98021,0.98045,3.00,2.25
2013.01.23 12:12:16.478,0.98021,0.98045,3.00,2.25
2013.01.23 12:12:17.038,0.98021,0.98045,3.00,2.25
2013.01.23 12:12:17.424,0.98025,0.98045,1.50,2.25
2013.01.23 12:12:18.028,0.98025,0.98045,1.50,2.25
2013.01.23 12:12:19.618,0.98025,0.98045,1.50,2.25
2013.01.23 12:12:20.459,0.98025,0.98046,3.00,1.50
2013.01.23 12:12:22.138,0.98025,0.98046,2.40,2.25
2013.01.23 12:12:22.258,0.98029,0.98048,2.25,1.50
2013.01.23 12:12:22.318,0.98029,0.98053,2.25,3.00
2013.01.23 12:12:22.728,0.98028,0.9805,3.00,1.50
2013.01.23 12:12:23.067,0.98027,0.98047,1.50,1.50
2013.01.23 12:12:24.628,0.98023,0.98047,2.40,2.25
2013.01.23 12:12:24.997,0.98021,0.98043,2.25,2.25
2013.01.23 12:12:25.742,0.98021,0.98043,3.00,2.25
2013.01.23 12:12:26.647,0.98021,0.98043,2.63,2.25
2013.01.23 12:12:26.767,0.98021,0.98043,3.38,1.50
2013.01.23 12:12:27.818,0.98021,0.98043,3.38,1.50
2013.01.23 12:12:28.378,0.98021,0.98043,3.00,1.50
2013.01.23 12:12:29.200,0.98025,0.98047,2.25,2.25
2013.01.23 12:12:29.317,0.98027,0.98047,1.50,1.50
2013.01.23 12:12:29.438,0.98028,0.98051,2.25,1.50
2013.01.23 12:12:29.741,0.98029,0.98052,2.25,2.25
2013.01.23 12:12:30.559,0.9803,0.98052,1.50,2.25
2013.01.23 12:12:31.218,0.9803,0.98052,1.50,2.25
2013.01.23 12:12:32.079,0.98032,0.98052,1.50,1.50
2013.01.23 12:12:32.497,0.98035,0.98054,1.50,1.50
2013.01.23 12:12:33.598,0.98034,0.98058,3.00,2.25
2013.01.23 12:12:34.518,0.98034,0.98058,3.00,2.25
2013.01.23 12:12:34.697,0.98036,0.98058,1.50,2.25
2013.01.23 12:12:35.298,0.98038,0.98062,2.25,2.63
2013.01.23 12:12:36.888,0.98036,0.98058,2.25,1.50
2013.01.23 12:12:36.947,0.98035,0.98054,1.50,1.50
2013.01.23 12:12:37.248,0.98032,0.9805,1.50,1.50
2013.01.23 12:12:37.308,0.98032,0.98055,1.50,2.25
2013.01.23 12:12:37.427,0.98036,0.98059,1.50,2.25
2013.01.23 12:12:37.667,0.98035,0.98059,2.25,3.00
2013.01.23 12:12:37.847,0.98032,0.98056,3.00,3.00
2013.01.23 12:12:37.967,0.98033,0.98056,1.50,1.50
2013.01.23 12:12:38.268,0.98031,0.98049,2.40,1.50
2013.01.23 12:12:40.037,0.9803,0.98053,1.65,2.25
2013.01.23 12:12:40.158,0.9803,0.98053,1.65,2.25
2013.01.23 12:12:40.337,0.9803,0.9805,1.65,1.50
2013.01.23 12:12:40.722,0.9803,0.9805,1.65,1.50
2013.01.23 12:12:40.793,0.9803,0.9805,1.65,1.50
2013.01.23 12:12:41.058,0.98029,0.9805,1.13,2.25
2013.01.23 12:12:42.297,0.98029,0.9805,1.88,1.50
2013.01.23 12:12:42.747,0.98029,0.9805,1.13,2.25
2013.01.23 12:12:44.697,0.98027,0.98049,3.00,1.50
2013.01.23 12:12:45.157,0.98027,0.98049,2.25,1.50
2013.01.23 12:12:45.519,0.98027,0.98049,2.25,2.25
2013.01.23 12:12:45.697,0.98027,0.98049,2.25,2.25
2013.01.23 12:12:46.137,0.98026,0.98046,1.50,1.50
2013.01.23 12:12:46.377,0.98026,0.9805,3.75,2.25
2013.01.23 12:12:47.129,0.98026,0.9805,3.00,2.25
2013.01.23 12:12:47.267,0.98026,0.9805,3.00,2.25
2013.01.23 12:12:47.587,0.98028,0.98052,2.25,2.25
2013.01.23 12:12:48.536,0.98028,0.98052,3.00,2.25
2013.01.23 12:12:48.598,0.98032,0.98054,1.50,1.50
2013.01.23 12:12:48.939,0.98032,0.98054,2.25,1.50
2013.01.23 12:12:49.618,0.98032,0.98054,2.25,2.25
2013.01.23 12:12:49.868,0.98032,0.98054,2.25,2.25
2013.01.23 12:12:49.986,0.98029,0.9805,1.50,1.50
2013.01.23 12:12:51.987,0.98031,0.98053,2.25,2.25
2013.01.23 12:12:53.053,0.98033,0.98057,2.25,2.25
2013.01.23 12:12:53.374,0.98031,0.98053,2.25,2.25
2013.01.23 12:12:53.748,0.98029,0.9805,3.00,1.50
2013.01.23 12:12:53.987,0.98032,0.98056,3.00,2.25
2013.01.23 12:12:55.148,0.98035,0.98056,1.50,1.50
2013.01.23 12:12:55.659,0.98033,0.98056,1.50,2.25
2013.01.23 12:12:56.186,0.98035,0.98056,1.50,1.50
2013.01.23 12:12:56.428,0.98036,0.98056,2.25,2.25
2013.01.23 12:12:57.697,0.98039,0.98061,2.25,2.55
2013.01.23 12:12:57.817,0.98039,0.98061,2.25,2.55
2013.01.23 12:12:59.700,0.98036,0.98059,1.50,2.25
2013.01.23 12:13:00.070,0.98039,0.98061,2.25,1.05
2013.01.23 12:13:00.332,0.98036,0.9806,2.25,2.25
2013.01.23 12:13:00.447,0.9804,0.98061,2.25,2.40
2013.01.23 12:13:01.868,0.9804,0.98061,1.50,2.25
2013.01.23 12:13:04.257,0.9804,0.98061,2.25,2.25
2013.01.23 12:13:04.888,0.9804,0.98061,1.50,2.25
2013.01.23 12:13:05.007,0.98042,0.98066,2.25,2.25
2013.01.23 12:13:05.080,0.98042,0.98066,3.00,2.25
2013.01.23 12:13:05.198,0.98044,0.98066,1.50,2.25
2013.01.23 12:13:08.387,0.98044,0.98066,1.50,2.25
2013.01.23 12:13:08.567,0.98041,0.98063,1.50,3.00
2013.01.23 12:13:08.697,0.98038,0.9806,3.00,2.25
2013.01.23 12:13:09.147,0.98041,0.98062,1.50,2.25
2013.01.23 12:13:09.658,0.98041,0.98063,2.25,2.25
2013.01.23 12:13:15.278,0.98041,0.98063,2.25,2.25
2013.01.23 12:13:21.237,0.98041,0.98063,3.00,2.25
2013.01.23 12:13:21.297,0.98042,0.98063,1.50,1.50
2013.01.23 12:13:21.537,0.98043,0.98063,1.50,1.50
2013.01.23 12:13:21.597,0.98043,0.98063,1.50,1.50
2013.01.23 12:13:21.868,0.98044,0.98067,1.50,2.40
2013.01.23 12:13:22.023,0.98044,0.98067,1.50,2.40
2013.01.23 12:13:22.150,0.98044,0.98067,1.50,2.40
2013.01.23 12:13:22.447,0.98044,0.98067,1.50,2.40
2013.01.23 12:13:22.572,0.98044,0.98067,1.50,2.40
2013.01.23 12:13:22.702,0.98047,0.98067,1.50,1.50
2013.01.23 12:13:22.828,0.98047,0.98071,3.00,2.25
2013.01.23 12:13:22.947,0.98047,0.98071,2.25,2.25
2013.01.23 12:13:23.187,0.98047,0.98068,1.50,2.25
2013.01.23 12:13:23.719,0.98046,0.98066,1.50,1.50
2013.01.23 12:13:24.695,0.98046,0.9807,3.00,2.25
2013.01.23 12:13:25.628,0.98046,0.9807,3.75,2.25
2013.01.23 12:13:27.038,0.98049,0.9807,1.50,1.50
2013.01.23 12:13:27.553,0.9805,0.98072,2.25,2.25
2013.01.23 12:13:28.301,0.9805,0.98072,2.25,2.25
2013.01.23 12:13:28.587,0.98049,0.98069,1.50,1.50
2013.01.23 12:13:28.888,0.98049,0.98067,1.50,1.50
2013.01.23 12:13:29.787,0.98048,0.9807,1.50,2.25
2013.01.23 12:13:29.968,0.98051,0.9807,1.50,1.50
2013.01.23 12:13:31.389,0.98051,0.98072,1.50,2.25
2013.01.23 12:13:31.548,0.98051,0.98074,1.50,1.80
2013.01.23 12:13:31.878,0.98051,0.9807,1.50,1.50
2013.01.23 12:13:31.998,0.98051,0.98072,1.50,1.50
2013.01.23 12:13:32.057,0.98051,0.98074,3.00,2.25
2013.01.23 12:13:32.405,0.98054,0.98076,2.25,1.50
2013.01.23 12:13:32.729,0.98054,0.98078,2.25,1.50
2013.01.23 12:13:33.038,0.98057,0.98078,1.50,1.50
2013.01.23 12:13:33.988,0.98058,0.98079,2.25,1.50
2013.01.23 12:13:34.367,0.9806,0.9808,1.50,1.50
2013.01.23 12:13:35.141,0.9806,0.98084,3.00,3.00
2013.01.23 12:13:35.377,0.98057,0.98081,3.00,1.50
2013.01.23 12:13:35.527,0.98057,0.98081,3.00,2.25
2013.01.23 12:13:35.950,0.98053,0.98075,1.50,1.50
2013.01.23 12:13:36.342,0.98059,0.98075,1.50,1.50
2013.01.23 12:13:36.717,0.98061,0.98081,1.50,1.50
2013.01.23 12:13:41.817,0.98062,0.98082,1.50,1.50
2013.01.23 12:13:41.990,0.98062,0.98082,1.50,1.50
2013.01.23 12:13:42.510,0.98062,0.98084,1.50,2.25
2013.01.23 12:13:43.019,0.98064,0.98086,3.00,2.55
2013.01.23 12:13:43.644,0.98062,0.98084,1.50,2.25
2013.01.23 12:13:44.197,0.98067,0.98084,1.50,1.50
2013.01.23 12:13:44.317,0.98067,0.98086,1.50,1.50
2013.01.23 12:13:44.437,0.98067,0.9809,3.00,2.25
2013.01.23 12:13:44.857,0.98067,0.98086,1.50,1.50
2013.01.23 12:13:45.170,0.98067,0.98084,1.50,1.50
2013.01.23 12:13:46.808,0.98067,0.98087,1.50,1.50
2013.01.23 12:13:47.230,0.98067,0.98089,3.00,2.25
2013.01.23 12:13:47.288,0.98069,0.98089,1.50,1.50
2013.01.23 12:13:48.252,0.98069,0.98092,3.00,2.40
2013.01.23 12:13:53.962,0.98071,0.98092,1.50,1.65
2013.01.23 12:13:54.138,0.98071,0.98095,3.00,3.53
2013.01.23 12:13:54.197,0.98071,0.98095,3.00,3.53
2013.01.23 12:13:54.257,0.98071,0.98095,3.00,2.25
2013.01.23 12:13:54.437,0.98069,0.98089,3.00,1.50
2013.01.23 12:13:55.848,0.98066,0.98089,7.50,1.50
2013.01.23 12:13:58.282,0.98069,0.9809,2.25,2.25
2013.01.23 12:13:58.349,0.98073,0.98096,1.50,2.40
2013.01.23 12:13:58.749,0.98072,0.98094,2.25,1.88
2013.01.23 12:13:58.808,0.9807,0.98093,3.75,2.63
2013.01.23 12:13:59.498,0.98067,0.98088,2.25,1.50
2013.01.23 12:13:59.817,0.98067,0.98088,2.25,1.50
2013.01.23 12:13:59.958,0.98071,0.98093,1.50,1.88
2013.01.23 12:14:00.018,0.98071,0.98093,1.50,1.50
2013.01.23 12:14:00.550,0.98074,0.98096,2.25,3.00
2013.01.23 12:14:03.541,0.98071,0.98094,3.00,3.00
2013.01.23 12:14:03.778,0.98068,0.98092,2.25,1.50
2013.01.23 12:14:03.959,0.98067,0.98086,2.25,1.50
2013.01.23 12:14:04.208,0.98068,0.98092,2.25,1.50
2013.01.23 12:14:04.267,0.98068,0.98092,2.25,1.88
2013.01.23 12:14:04.880,0.98068,0.98092,2.25,1.88
2013.01.23 12:14:06.288,0.98067,0.98089,1.50,1.50
2013.01.23 12:14:07.450,0.98067,0.98089,1.50,1.88
2013.01.23 12:14:07.803,0.98064,0.98084,2.25,1.50
2013.01.23 12:14:09.045,0.98061,0.98083,1.50,1.50
2013.01.23 12:14:10.597,0.98061,0.98079,1.50,1.50
2013.01.23 12:14:13.487,0.98062,0.98083,1.50,1.50
2013.01.23 12:14:15.308,0.98062,0.98083,1.50,1.50
2013.01.23 12:14:16.387,0.98063,0.98087,2.25,3.00
2013.01.23 12:14:18.269,0.98063,0.98087,2.25,3.00
2013.01.23 12:14:18.368,0.98062,0.98083,3.00,1.50
2013.01.23 12:14:19.918,0.98065,0.98083,1.50,1.50
2013.01.23 12:14:20.223,0.98066,0.98083,1.50,1.50
2013.01.23 12:14:20.347,0.98066,0.98083,1.50,1.50
2013.01.23 12:14:20.467,0.98068,0.98083,1.50,1.50
2013.01.23 12:14:20.971,0.98066,0.98083,1.50,1.50
2013.01.23 12:14:21.087,0.98066,0.98086,1.50,1.50
2013.01.23 12:14:22.673,0.98066,0.98087,1.50,1.50
2013.01.23 12:14:23.740,0.98066,0.98087,1.50,2.25
2013.01.23 12:14:24.074,0.98067,0.98089,2.25,1.50
2013.01.23 12:14:24.489,0.98067,0.98089,3.00,1.50
2013.01.23 12:14:25.948,0.98067,0.98089,2.25,1.50
2013.01.23 12:14:26.940,0.98066,0.98087,1.50,1.50
2013.01.23 12:14:27.682,0.98066,0.98087,1.50,1.50
2013.01.23 12:14:31.573,0.98067,0.98089,2.25,1.50
2013.01.23 12:14:31.881,0.98067,0.98089,1.50,2.25
2013.01.23 12:14:32.117,0.98064,0.98087,1.13,2.25
2013.01.23 12:14:32.808,0.98063,0.98087,2.63,2.25
2013.01.23 12:14:32.937,0.98063,0.98087,1.88,2.40
2013.01.23 12:14:34.082,0.98061,0.98083,3.00,2.25
2013.01.23 12:14:35.327,0.98061,0.98083,3.00,2.25
2013.01.23 12:14:36.278,0.98061,0.98082,3.00,1.50
2013.01.23 12:14:36.598,0.98061,0.98081,1.50,1.50
2013.01.23 12:14:36.658,0.98061,0.98081,1.50,1.50
2013.01.23 12:14:36.778,0.98062,0.98084,3.00,1.50
2013.01.23 12:14:36.957,0.98066,0.98087,1.50,1.50
2013.01.23 12:14:41.827,0.98066,0.98084,1.13,1.50
2013.01.23 12:14:41.948,0.98065,0.98087,3.00,2.25
2013.01.23 12:14:42.930,0.98066,0.98087,1.50,1.50
2013.01.23 12:14:43.168,0.98076,0.98097,1.50,2.48
2013.01.23 12:14:43.228,0.98076,0.98097,1.50,2.25
2013.01.23 12:14:43.288,0.98073,0.98092,2.25,1.50
2013.01.23 12:14:43.408,0.98071,0.9809,1.50,1.50
2013.01.23 12:14:43.468,0.98067,0.9809,1.50,2.25
2013.01.23 12:14:44.108,0.98067,0.98087,1.50,1.50
2013.01.23 12:14:45.188,0.98067,0.98091,3.00,2.25
2013.01.23 12:14:45.337,0.98067,0.98087,1.50,1.50
2013.01.23 12:14:49.408,0.98069,0.98087,1.50,1.50
2013.01.23 12:14:49.588,0.98072,0.98096,1.50,3.00
2013.01.23 12:14:49.649,0.98076,0.98096,1.50,1.50
2013.01.23 12:14:49.768,0.98074,0.98096,2.25,3.23
2013.01.23 12:14:50.301,0.98074,0.98093,1.50,1.50
2013.01.23 12:14:50.372,0.98071,0.98093,1.50,1.50
2013.01.23 12:14:54.988,0.98073,0.98096,2.25,1.50
2013.01.23 12:14:55.047,0.98073,0.98097,2.25,1.50
2013.01.23 12:14:56.847,0.98078,0.98099,2.25,1.50
2013.01.23 12:14:56.908,0.98078,0.98099,2.25,1.50
2013.01.23 12:14:56.968,0.98078,0.98102,2.25,2.25
2013.01.23 12:14:57.228,0.98077,0.98098,2.25,1.50
2013.01.23 12:14:57.717,0.98077,0.98096,1.50,1.50
2013.01.23 12:14:58.303,0.98077,0.98096,1.50,1.50
2013.01.23 12:14:58.548,0.98077,0.98094,1.50,1.50
2013.01.23 12:15:00.621,0.98077,0.98096,1.50,1.50
2013.01.23 12:15:01.149,0.98077,0.98097,1.50,3.00
2013.01.23 12:15:02.617,0.98077,0.98093,1.50,1.50
2013.01.23 12:15:05.449,0.98077,0.98093,1.50,1.50
2013.01.23 12:15:07.308,0.98072,0.98092,1.13,1.50
2013.01.23 12:15:07.367,0.98071,0.98088,1.50,1.50
2013.01.23 12:15:07.994,0.98071,0.98092,1.50,1.50
2013.01.23 12:15:18.598,0.98071,0.98092,1.50,1.50
2013.01.23 12:15:19.099,0.98072,0.98093,2.25,1.50
2013.01.23 12:15:20.288,0.98072,0.98093,2.40,1.50
2013.01.23 12:15:20.877,0.98072,0.98093,2.40,1.50
2013.01.23 12:15:21.718,0.98072,0.98093,2.40,1.50
2013.01.23 12:15:22.088,0.98075,0.98093,1.50,1.50
2013.01.23 12:15:22.810,0.98072,0.98093,3.15,1.50
2013.01.23 12:15:24.180,0.98072,0.98093,3.15,1.50
2013.01.23 12:15:25.247,0.98072,0.98093,3.15,1.50
2013.01.23 12:15:25.628,0.98068,0.98092,2.25,1.50
2013.01.23 12:15:26.098,0.9807,0.9809,1.50,1.50
2013.01.23 12:15:26.809,0.9807,0.98089,1.50,1.50
2013.01.23 12:15:28.067,0.9807,0.98091,1.50,1.50
2013.01.23 12:15:29.963,0.9807,0.98094,3.00,2.48
2013.01.23 12:15:30.027,0.9807,0.98094,3.00,2.48
2013.01.23 12:15:31.167,0.98071,0.98093,2.25,1.50
2013.01.23 12:15:32.243,0.98072,0.98094,2.25,2.25
2013.01.23 12:15:34.828,0.98072,0.98094,3.00,1.50
2013.01.23 12:15:35.718,0.98072,0.98094,3.00,1.65
2013.01.23 12:15:35.838,0.98075,0.98096,3.00,3.00
2013.01.23 12:15:35.897,0.98077,0.98099,2.25,3.75
2013.01.23 12:15:36.537,0.98077,0.98099,2.25,2.25
2013.01.23 12:15:36.838,0.98081,0.98102,2.25,1.05
2013.01.23 12:15:37.328,0.98081,0.98103,2.25,1.50
2013.01.23 12:15:38.567,0.98081,0.98101,2.25,1.50
2013.01.23 12:15:39.216,0.98079,0.981,1.50,1.50
2013.01.23 12:15:39.338,0.98079,0.981,1.50,1.50
2013.01.23 12:15:40.453,0.98079,0.981,1.50,1.50
2013.01.23 12:15:40.638,0.98079,0.98097,1.50,1.50
2013.01.23 12:15:43.647,0.98076,0.98097,1.50,1.50
2013.01.23 12:15:43.837,0.98076,0.981,3.00,1.50
2013.01.23 12:15:44.017,0.98076,0.98096,1.50,1.50
2013.01.23 12:15:44.618,0.98079,0.98096,1.50,1.50
2013.01.23 12:15:49.848,0.98076,0.98096,1.50,1.50
2013.01.23 12:15:50.157,0.98075,0.98096,3.00,1.50
2013.01.23 12:15:51.667,0.98076,0.98096,1.50,1.50
2013.01.23 12:15:51.822,0.98076,0.98099,3.00,1.50
2013.01.23 12:15:51.878,0.98077,0.981,1.50,2.25
2013.01.23 12:15:54.509,0.98078,0.981,1.50,1.50
2013.01.23 12:15:54.867,0.98077,0.98096,2.25,1.50
2013.01.23 12:15:55.498,0.98077,0.98096,2.25,1.50
2013.01.23 12:15:56.379,0.98078,0.98096,1.50,1.50
2013.01.23 12:15:56.987,0.98077,0.98096,1.50,1.50
2013.01.23 12:15:57.099,0.98078,0.98096,1.50,1.50
2013.01.23 12:15:58.757,0.98076,0.98096,1.65,1.50
2013.01.23 12:15:58.908,0.98076,0.98096,1.65,1.50
2013.01.23 12:16:00.069,0.98077,0.98096,1.50,1.50
2013.01.23 12:16:00.429,0.98074,0.98094,1.50,1.50
2013.01.23 12:16:01.438,0.98072,0.98094,1.50,1.50
2013.01.23 12:16:01.607,0.98073,0.98097,2.25,2.40
2013.01.23 12:16:02.567,0.98072,0.98093,4.50,1.50
2013.01.23 12:16:02.697,0.98072,0.98093,3.00,1.50
2013.01.23 12:16:03.677,0.98072,0.98093,3.00,1.50
2013.01.23 12:16:04.157,0.98074,0.98096,2.25,2.25
2013.01.23 12:16:04.457,0.98077,0.981,2.25,1.13
2013.01.23 12:16:04.518,0.98077,0.981,2.25,1.50
2013.01.23 12:16:04.699,0.98079,0.98101,1.50,2.63
2013.01.23 12:16:04.908,0.98077,0.981,2.25,1.88
2013.01.23 12:16:05.147,0.98076,0.98098,1.50,1.65
2013.01.23 12:16:05.747,0.98075,0.98098,1.50,2.40
2013.01.23 12:16:06.389,0.98075,0.98095,1.50,1.50
2013.01.23 12:16:07.018,0.98075,0.98096,3.00,1.50
2013.01.23 12:16:07.843,0.98075,0.98097,3.00,1.65
2013.01.23 12:16:09.039,0.98075,0.98097,3.00,1.88
2013.01.23 12:16:09.278,0.98073,0.98094,1.50,1.50
2013.01.23 12:16:09.417,0.98074,0.98097,2.25,2.25
2013.01.23 12:16:12.500,0.98074,0.98097,2.25,2.25
2013.01.23 12:16:12.708,0.98077,0.98099,2.25,2.25
2013.01.23 12:16:13.097,0.98079,0.98103,2.25,2.78
2013.01.23 12:16:15.608,0.98079,0.98103,2.25,2.78
2013.01.23 12:16:15.787,0.98083,0.98105,2.25,2.25
2013.01.23 12:16:15.848,0.98083,0.98105,2.25,2.25
2013.01.23 12:16:17.049,0.98083,0.98107,2.25,2.40
2013.01.23 12:16:17.209,0.98083,0.98107,1.50,2.40
2013.01.23 12:16:17.760,0.98081,0.98103,2.25,2.48
2013.01.23 12:16:18.139,0.98075,0.98095,1.50,1.50
2013.01.23 12:16:20.112,0.98075,0.98098,1.50,2.25
2013.01.23 12:16:21.707,0.98079,0.98098,1.50,1.50
2013.01.23 12:16:21.828,0.98079,0.98101,1.50,1.50
2013.01.23 12:16:21.949,0.98079,0.98101,1.50,1.65
2013.01.23 12:16:22.248,0.98084,0.98103,1.50,1.50
2013.01.23 12:16:24.248,0.98088,0.98105,1.50,1.50
2013.01.23 12:16:24.374,0.98088,0.98108,1.50,1.50
2013.01.23 12:16:25.087,0.98088,0.98108,1.50,1.50
2013.01.23 12:16:25.588,0.98088,0.98108,1.50,1.50
2013.01.23 12:16:25.679,0.98088,0.98108,1.50,1.50
2013.01.23 12:16:25.858,0.98091,0.98111,1.50,3.00
2013.01.23 12:16:26.669,0.98091,0.98111,1.50,1.50
2013.01.23 12:16:28.649,0.98089,0.98111,2.25,2.25
2013.01.23 12:16:28.832,0.98085,0.98108,3.00,1.50
2013.01.23 12:16:28.888,0.98085,0.98107,3.00,1.50
2013.01.23 12:16:29.198,0.98085,0.98105,1.50,1.50
2013.01.23 12:16:31.637,0.98084,0.98105,2.25,2.25
2013.01.23 12:16:33.049,0.98082,0.98104,3.00,2.25
2013.01.23 12:16:33.708,0.98082,0.98104,1.50,2.25
2013.01.23 12:16:38.599,0.98082,0.98104,1.50,2.25
2013.01.23 12:16:39.148,0.98082,0.98104,1.50,2.25
2013.01.23 12:16:39.399,0.98082,0.98104,1.50,2.25
2013.01.23 12:16:40.688,0.98082,0.98104,1.50,2.25
2013.01.23 12:16:41.129,0.98082,0.98104,1.50,2.25
2013.01.23 12:16:42.230,0.98082,0.98104,1.50,2.25
2013.01.23 12:16:46.317,0.98081,0.98101,2.25,1.50
2013.01.23 12:16:50.033,0.98082,0.98101,1.50,1.50
2013.01.23 12:16:52.934,0.98082,0.98101,1.50,1.50
2013.01.23 12:16:54.119,0.98081,0.98101,1.50,1.50
2013.01.23 12:16:55.206,0.98078,0.98101,1.50,1.50
2013.01.23 12:16:55.269,0.98078,0.98097,1.50,1.50
2013.01.23 12:16:55.880,0.98077,0.98097,8.40,1.50
2013.01.23 12:16:56.058,0.98079,0.98101,3.00,2.25
2013.01.23 12:16:57.807,0.9808,0.98098,1.50,1.50
2013.01.23 12:16:57.868,0.9808,0.981,1.50,1.50
2013.01.23 12:16:58.557,0.9808,0.981,1.50,1.50
2013.01.23 12:17:00.997,0.9808,0.98098,1.50,1.50
2013.01.23 12:17:04.138,0.98076,0.98098,3.15,1.50
2013.01.23 12:17:04.657,0.98076,0.98096,1.50,1.50
2013.01.23 12:17:05.238,0.98076,0.98096,1.50,1.50
2013.01.23 12:17:05.424,0.98076,0.98098,3.00,1.88
2013.01.23 12:17:07.209,0.98078,0.98099,1.50,1.88
2013.01.23 12:17:07.882,0.9808,0.98099,1.50,1.88
2013.01.23 12:17:07.956,0.98077,0.98099,1.50,1.50
2013.01.23 12:17:08.077,0.98078,0.98102,2.48,2.03
2013.01.23 12:17:08.210,0.98082,0.98103,1.50,1.28
2013.01.23 12:17:09.019,0.98082,0.98103,1.50,1.28
2013.01.23 12:17:09.531,0.98082,0.98103,1.50,1.28
2013.01.23 12:17:09.967,0.98082,0.98104,2.25,4.28
2013.01.23 12:17:10.167,0.98082,0.98104,2.25,4.28
2013.01.23 12:17:10.750,0.98082,0.98102,2.25,1.13
2013.01.23 12:17:10.807,0.98082,0.981,2.25,1.50
2013.01.23 12:17:11.262,0.98081,0.98096,1.50,1.50
2013.01.23 12:17:11.779,0.98078,0.98095,1.50,1.50
2013.01.23 12:17:12.139,0.98074,0.98094,1.50,1.50
2013.01.23 12:17:12.198,0.98074,0.98092,1.50,1.50
2013.01.23 12:17:12.761,0.9807,0.9809,2.25,1.50
2013.01.23 12:17:13.290,0.98072,0.98092,1.50,3.00
2013.01.23 12:17:13.488,0.98077,0.98095,1.50,1.50
2013.01.23 12:17:13.548,0.98078,0.98095,2.25,1.50
2013.01.23 12:17:13.667,0.98079,0.98101,1.50,1.65
2013.01.23 12:17:14.193,0.98079,0.98101,1.50,1.50
2013.01.23 12:17:14.668,0.98079,0.98101,1.50,1.50
2013.01.23 12:17:14.729,0.98079,0.98098,1.50,1.50
2013.01.23 12:17:15.390,0.98079,0.98098,1.50,1.50
2013.01.23 12:17:15.818,0.98079,0.98098,1.50,1.50
2013.01.23 12:17:17.067,0.98077,0.98098,1.50,1.50
2013.01.23 12:17:19.077,0.98077,0.98096,1.50,1.50
2013.01.23 12:17:19.988,0.98077,0.98098,1.50,1.50
2013.01.23 12:17:20.507,0.98083,0.98102,1.50,1.88
2013.01.23 12:17:20.930,0.98083,0.98102,2.25,1.50
2013.01.23 12:17:20.991,0.98083,0.98102,1.50,1.50
2013.01.23 12:17:21.149,0.98083,0.98106,1.50,2.63
2013.01.23 12:17:21.209,0.98084,0.98102,1.50,1.50
2013.01.23 12:17:21.271,0.98082,0.98102,1.50,1.50
2013.01.23 12:17:21.458,0.98088,0.98105,2.25,1.50
2013.01.23 12:17:21.819,0.98085,0.98105,2.25,2.25
2013.01.23 12:17:22.328,0.98085,0.98106,1.50,2.25
2013.01.23 12:17:22.401,0.98085,0.98104,1.50,1.50
2013.01.23 12:17:22.458,0.98082,0.98104,6.00,1.50
2013.01.23 12:17:23.061,0.98082,0.98101,4.50,1.50
2013.01.23 12:17:23.499,0.98082,0.98105,1.50,1.50
2013.01.23 12:17:24.145,0.98085,0.98105,1.50,1.50
2013.01.23 12:17:24.978,0.98084,0.98105,1.50,2.25
2013.01.23 12:17:25.397,0.98082,0.98105,1.50,2.63
2013.01.23 12:17:26.838,0.98083,0.98108,2.25,2.78
2013.01.23 12:17:28.250,0.98085,0.98108,3.00,1.28
2013.01.23 12:17:28.609,0.9809,0.98111,1.50,3.00
2013.01.23 12:17:28.928,0.9809,0.9811,2.25,1.13
2013.01.23 12:17:29.149,0.98087,0.9811,2.25,1.13
2013.01.23 12:17:29.762,0.98085,0.98107,2.25,2.40
2013.01.23 12:17:30.308,0.98085,0.98107,2.25,2.40
2013.01.23 12:17:31.798,0.98086,0.98107,1.50,2.40
2013.01.23 12:17:32.584,0.98086,0.98108,1.50,2.25
2013.01.23 12:17:37.698,0.98087,0.98109,2.25,2.25
2013.01.23 12:17:40.159,0.9809,0.98114,1.50,2.48
2013.01.23 12:17:40.518,0.98097,0.98116,2.25,1.50
2013.01.23 12:17:40.757,0.98094,0.98116,3.75,2.25
2013.01.23 12:17:41.218,0.98094,0.98114,3.75,1.50
2013.01.23 12:17:42.177,0.9809,0.98114,2.25,2.25
2013.01.23 12:17:42.811,0.9809,0.98113,2.25,1.50
2013.01.23 12:17:43.614,0.98088,0.98111,2.40,2.25
2013.01.23 12:17:43.818,0.98085,0.98107,2.40,1.50
2013.01.23 12:17:44.367,0.98085,0.98107,2.25,1.50
2013.01.23 12:17:45.380,0.98083,0.98105,9.75,2.25
2013.01.23 12:17:46.228,0.98081,0.98104,2.25,1.50
2013.01.23 12:17:46.749,0.98081,0.98105,2.25,2.25
2013.01.23 12:17:48.588,0.98081,0.98104,2.25,1.50
2013.01.23 12:17:49.112,0.98077,0.981,8.40,1.50
2013.01.23 12:17:49.827,0.9808,0.98102,2.25,1.50
2013.01.23 12:17:51.518,0.9808,0.98102,2.25,2.25
2013.01.23 12:17:54.599,0.98077,0.98099,3.90,1.50
2013.01.23 12:17:55.278,0.98077,0.98099,2.40,1.50
2013.01.23 12:17:55.886,0.98076,0.98096,1.65,1.50
2013.01.23 12:17:56.187,0.98073,0.98095,3.90,2.25
2013.01.23 12:17:56.519,0.98073,0.98095,3.90,1.50
2013.01.23 12:17:56.959,0.98079,0.98098,2.25,1.50
2013.01.23 12:17:57.658,0.98079,0.981,2.25,4.50
2013.01.23 12:17:59.547,0.98079,0.981,2.25,1.50
2013.01.23 12:17:59.607,0.98076,0.98095,2.25,1.50
2013.01.23 12:17:59.668,0.98076,0.98095,1.50,2.25
2013.01.23 12:17:59.728,0.98072,0.98095,2.25,2.25
2013.01.23 12:17:59.909,0.98075,0.98096,1.50,2.25
2013.01.23 12:18:00.258,0.98075,0.98093,1.50,1.65
2013.01.23 12:18:00.619,0.98072,0.98089,2.25,2.25
2013.01.23 12:18:00.739,0.98069,0.98092,2.25,3.00
2013.01.23 12:18:01.113,0.98072,0.98093,2.25,1.50
2013.01.23 12:18:01.358,0.98072,0.98093,2.25,1.50
2013.01.23 12:18:01.776,0.98074,0.98095,2.25,2.25
2013.01.23 12:18:02.748,0.98074,0.98095,1.50,2.25
2013.01.23 12:18:02.866,0.98074,0.98095,1.50,2.25
2013.01.23 12:18:03.229,0.98074,0.98095,1.50,2.25
2013.01.23 12:18:04.949,0.98074,0.98095,2.25,2.25
2013.01.23 12:18:09.949,0.98075,0.98098,1.50,1.65
2013.01.23 12:18:12.536,0.98075,0.98098,2.25,1.65
2013.01.23 12:18:13.700,0.98075,0.98097,1.50,1.65
2013.01.23 12:18:14.417,0.98072,0.98096,2.25,2.40
2013.01.23 12:18:17.380,0.98072,0.98096,2.25,2.40
2013.01.23 12:18:18.057,0.98076,0.98098,2.25,1.50
2013.01.23 12:18:19.039,0.98076,0.981,2.25,2.40
2013.01.23 12:18:19.539,0.98079,0.98102,1.50,5.63
2013.01.23 12:18:21.470,0.98079,0.98102,1.50,3.90
2013.01.23 12:18:21.738,0.98082,0.98102,1.50,3.75
2013.01.23 12:18:22.308,0.9808,0.98102,1.50,3.75
2013.01.23 12:18:24.028,0.98078,0.981,1.50,2.25
2013.01.23 12:18:25.147,0.98078,0.98099,1.50,1.50
2013.01.23 12:18:26.457,0.98078,0.98098,1.50,1.50
2013.01.23 12:18:26.939,0.98074,0.98098,1.50,3.00
2013.01.23 12:18:26.998,0.98074,0.98098,2.25,2.25
2013.01.23 12:18:30.488,0.98072,0.98094,1.50,2.25
2013.01.23 12:18:36.407,0.98075,0.98097,1.50,3.00
2013.01.23 12:18:36.749,0.98075,0.98097,2.25,3.00
2013.01.23 12:18:38.218,0.98071,0.98095,2.40,2.25
2013.01.23 12:18:38.338,0.98071,0.98093,2.40,1.50
2013.01.23 12:18:39.578,0.98067,0.98091,2.25,2.25
2013.01.23 12:18:39.668,0.98067,0.98091,1.50,2.25
2013.01.23 12:18:40.819,0.98067,0.98091,2.25,2.25
2013.01.23 12:18:43.367,0.98071,0.98093,2.25,2.40
2013.01.23 12:18:43.487,0.98073,0.98094,1.50,1.65
2013.01.23 12:18:45.629,0.98072,0.98093,1.50,2.40
2013.01.23 12:18:45.868,0.98069,0.9809,1.50,3.00
2013.01.23 12:18:46.501,0.98068,0.98088,1.50,1.50
2013.01.23 12:18:48.422,0.98068,0.9809,2.25,2.25
2013.01.23 12:18:49.870,0.98068,0.98089,1.50,1.50
2013.01.23 12:18:51.910,0.98068,0.9809,2.25,2.25
2013.01.23 12:18:57.300,0.98071,0.98093,1.50,2.40
2013.01.23 12:18:57.577,0.98067,0.98091,1.50,2.25
2013.01.23 12:19:00.019,0.9807,0.98094,1.50,3.90
2013.01.23 12:19:01.068,0.9807,0.98093,1.50,1.65
2013.01.23 12:19:20.208,0.98069,0.98093,1.50,3.00
2013.01.23 12:19:21.868,0.98069,0.98093,1.50,3.00
2013.01.23 12:19:21.928,0.98069,0.98093,1.50,3.00
2013.01.23 12:19:22.972,0.98069,0.98093,1.50,3.00
2013.01.23 12:19:24.836,0.98069,0.98093,1.50,3.00
2013.01.23 12:19:33.669,0.98069,0.98093,2.25,3.00
2013.01.23 12:19:34.869,0.98069,0.98093,1.50,3.00
2013.01.23 12:19:35.427,0.98069,0.98093,1.50,3.00
2013.01.23 12:19:38.805,0.98069,0.98093,1.50,2.25
2013.01.23 12:19:39.426,0.98067,0.98089,2.25,2.25
2013.01.23 12:19:39.989,0.98067,0.98089,1.50,2.25
2013.01.23 12:19:49.259,0.98064,0.98086,1.65,2.25
2013.01.23 12:19:52.307,0.98064,0.98086,1.50,2.25
2013.01.23 12:19:55.307,0.98064,0.98086,1.50,2.25
2013.01.23 12:19:59.028,0.98067,0.98089,1.50,3.00
2013.01.23 12:19:59.149,0.98064,0.98086,1.50,2.25
2013.01.23 12:19:59.268,0.98061,0.98083,3.15,1.50
2013.01.23 12:19:59.569,0.98061,0.98083,2.25,2.40
2013.01.23 12:20:00.048,0.98061,0.98083,2.25,2.40
2013.01.23 12:20:00.438,0.98063,0.98085,1.50,1.13
2013.01.23 12:20:00.498,0.98063,0.98085,2.25,1.13
2013.01.23 12:20:00.903,0.98063,0.98085,2.25,1.28
2013.01.23 12:20:01.039,0.98063,0.98084,1.50,2.40
2013.01.23 12:20:01.595,0.98061,0.98083,1.50,2.40
2013.01.23 12:20:03.678,0.9806,0.98083,2.25,2.63
2013.01.23 12:20:03.737,0.9806,0.98083,1.50,2.63
2013.01.23 12:20:04.083,0.9806,0.98083,1.50,2.63
2013.01.23 12:20:04.387,0.98056,0.98078,2.25,2.40
2013.01.23 12:20:04.448,0.98054,0.98077,2.25,2.40
2013.01.23 12:20:04.788,0.98059,0.98079,1.50,1.50
2013.01.23 12:20:04.847,0.98061,0.98082,2.25,2.25
2013.01.23 12:20:05.399,0.98061,0.98082,1.50,2.25
2013.01.23 12:20:05.718,0.98059,0.98081,2.25,2.25
2013.01.23 12:20:06.100,0.98061,0.98083,1.50,4.50
2013.01.23 12:20:08.538,0.98061,0.98083,2.25,2.25
2013.01.23 12:20:09.629,0.98061,0.98083,1.50,2.25
2013.01.23 12:20:10.180,0.98061,0.98083,2.25,2.25
2013.01.23 12:20:10.736,0.98061,0.98083,1.50,2.25
2013.01.23 12:20:10.998,0.98057,0.98081,2.25,2.25
2013.01.23 12:20:12.549,0.98057,0.98081,2.25,3.00
2013.01.23 12:20:14.911,0.98057,0.98079,1.50,1.50
2013.01.23 12:20:15.308,0.98057,0.98079,2.25,1.88
2013.01.23 12:20:15.949,0.98057,0.98077,1.50,1.13
2013.01.23 12:20:17.020,0.98057,0.98079,3.00,1.50
2013.01.23 12:20:17.279,0.98057,0.98079,3.00,2.25
2013.01.23 12:20:18.198,0.98057,0.98079,3.00,1.50
2013.01.23 12:20:22.568,0.98057,0.98079,1.50,2.48
2013.01.23 12:20:23.924,0.98057,0.98079,1.50,2.48
2013.01.23 12:20:24.788,0.98057,0.98079,1.50,2.48
2013.01.23 12:20:26.196,0.98057,0.98079,1.50,2.25
2013.01.23 12:20:30.598,0.98057,0.98079,1.50,2.25
2013.01.23 12:20:32.219,0.98055,0.98076,1.50,1.50
2013.01.23 12:20:32.758,0.98052,0.98074,2.25,1.50
2013.01.23 12:20:33.028,0.98054,0.98075,1.50,1.50
2013.01.23 12:20:33.562,0.98054,0.98076,1.50,2.48
2013.01.23 12:20:34.928,0.98054,0.98076,2.25,1.73
2013.01.23 12:20:35.232,0.98056,0.98079,2.25,1.65
2013.01.23 12:20:35.472,0.98056,0.9808,2.25,3.15
2013.01.23 12:20:37.365,0.98056,0.9808,2.25,3.38
2013.01.23 12:20:37.668,0.98056,0.9808,2.25,2.63
2013.01.23 12:20:40.727,0.98056,0.9808,2.25,2.63
2013.01.23 12:20:42.189,0.98058,0.9808,1.50,2.25
2013.01.23 12:20:42.728,0.98059,0.9808,2.25,1.13
2013.01.23 12:20:43.028,0.98057,0.98079,1.50,1.88
2013.01.23 12:20:43.468,0.98059,0.9808,1.50,1.13
2013.01.23 12:20:46.572,0.98059,0.98079,1.50,1.65
2013.01.23 12:20:46.638,0.98059,0.98079,1.50,2.40
2013.01.23 12:20:46.699,0.98054,0.98078,2.25,1.50
2013.01.23 12:20:46.879,0.98054,0.98078,1.50,1.50
2013.01.23 12:20:46.938,0.98053,0.98073,3.00,1.50
2013.01.23 12:20:47.239,0.98054,0.98077,3.00,1.50
2013.01.23 12:20:47.418,0.98058,0.9808,1.50,1.28
2013.01.23 12:20:47.623,0.98058,0.9808,1.50,1.13
2013.01.23 12:20:48.268,0.98056,0.98078,2.25,1.88
2013.01.23 12:20:48.861,0.98056,0.98078,1.50,1.88
2013.01.23 12:20:49.160,0.98054,0.98075,1.50,2.25
2013.01.23 12:20:49.789,0.98053,0.98075,3.00,2.25
2013.01.23 12:20:49.908,0.98058,0.9808,2.25,1.13
2013.01.23 12:20:50.091,0.98058,0.9808,2.25,1.13
2013.01.23 12:20:50.908,0.98058,0.9808,1.50,1.13
2013.01.23 12:20:51.208,0.98058,0.98079,1.50,1.13
2013.01.23 12:20:51.274,0.98058,0.98079,1.50,1.13
2013.01.23 12:20:51.338,0.98056,0.98078,3.00,1.65
2013.01.23 12:20:51.608,0.98059,0.98079,1.50,1.13
2013.01.23 12:20:52.271,0.98059,0.98079,1.50,1.13
2013.01.23 12:20:52.438,0.98056,0.98079,1.50,2.63
2013.01.23 12:20:52.618,0.98054,0.98074,1.50,1.50
2013.01.23 12:20:52.738,0.9805,0.98074,3.00,2.40
2013.01.23 12:20:54.768,0.9805,0.98073,2.25,1.50
2013.01.23 12:20:54.958,0.98044,0.98068,3.00,1.50
2013.01.23 12:20:56.619,0.98046,0.98068,1.50,2.25
2013.01.23 12:20:56.939,0.98048,0.9807,1.50,2.40
2013.01.23 12:20:57.166,0.98048,0.9807,1.50,2.40
2013.01.23 12:20:58.308,0.98048,0.9807,1.50,2.40
2013.01.23 12:20:59.832,0.98046,0.98067,2.25,1.50
2013.01.23 12:21:01.897,0.98045,0.98067,1.50,2.25
2013.01.23 12:21:02.208,0.98048,0.98068,1.50,1.13
2013.01.23 12:21:02.769,0.98048,0.98068,3.00,1.88
2013.01.23 12:21:03.168,0.98047,0.98064,2.25,1.13
2013.01.23 12:21:04.149,0.98042,0.98064,1.50,2.03
2013.01.23 12:21:04.317,0.98042,0.98064,2.25,1.28
2013.01.23 12:21:04.458,0.98046,0.98069,2.25,2.03
2013.01.23 12:21:04.518,0.98046,0.98069,2.25,2.25
2013.01.23 12:21:04.579,0.98046,0.98067,2.25,1.13
2013.01.23 12:21:04.759,0.98044,0.98064,1.50,1.50
2013.01.23 12:21:06.899,0.98044,0.98065,2.25,2.40
2013.01.23 12:21:07.660,0.9804,0.98062,2.25,1.50
2013.01.23 12:21:11.409,0.9804,0.98062,2.25,1.50
2013.01.23 12:21:12.345,0.9804,0.98062,1.50,2.48
2013.01.23 12:21:14.468,0.9804,0.9806,1.50,1.35
2013.01.23 12:21:16.550,0.9804,0.9806,2.25,1.35
2013.01.23 12:21:25.019,0.9804,0.98059,1.50,1.65
2013.01.23 12:21:27.635,0.98039,0.98059,1.50,1.65
2013.01.23 12:21:31.064,0.98039,0.98059,1.50,1.65
2013.01.23 12:21:31.168,0.98039,0.98061,2.25,3.00
2013.01.23 12:21:33.213,0.98039,0.98061,2.25,3.00
2013.01.23 12:21:33.528,0.98042,0.98062,2.25,1.13
2013.01.23 12:21:33.893,0.98042,0.98062,1.50,1.13
2013.01.23 12:21:35.838,0.98038,0.98062,1.88,2.40
2013.01.23 12:21:36.401,0.98038,0.98062,1.88,2.40
2013.01.23 12:21:36.902,0.98038,0.98062,1.88,2.63
2013.01.23 12:21:37.174,0.98041,0.98062,1.13,1.88
2013.01.23 12:21:37.283,0.98038,0.98062,1.88,2.63
2013.01.23 12:21:37.558,0.98036,0.98059,1.50,2.25
2013.01.23 12:21:38.260,0.98035,0.98059,3.00,2.40
2013.01.23 12:21:38.318,0.98035,0.98059,3.00,2.63
2013.01.23 12:21:38.686,0.98033,0.98054,2.25,2.25
2013.01.23 12:21:39.308,0.98034,0.98054,1.50,1.65
2013.01.23 12:21:39.649,0.98033,0.98053,1.50,1.50
2013.01.23 12:21:42.620,0.98033,0.98054,2.25,2.40
2013.01.23 12:21:42.798,0.98034,0.98054,1.50,2.40
2013.01.23 12:21:45.602,0.98034,0.98054,1.13,3.15
2013.01.23 12:21:47.813,0.98033,0.98054,2.63,2.40
2013.01.23 12:21:47.998,0.98037,0.98058,1.50,3.00
2013.01.23 12:21:48.058,0.98035,0.98058,1.35,3.00
2013.01.23 12:21:48.359,0.98034,0.98055,1.88,1.50
2013.01.23 12:21:49.269,0.98034,0.98055,1.88,1.50
2013.01.23 12:21:50.883,0.98034,0.98058,2.63,3.00
2013.01.23 12:21:53.522,0.98034,0.98055,1.88,1.50
2013.01.23 12:21:54.831,0.98034,0.98055,1.88,1.50
2013.01.23 12:21:55.009,0.98038,0.98058,1.13,2.25
2013.01.23 12:21:55.528,0.98037,0.98059,2.40,1.50
2013.01.23 12:21:55.941,0.98041,0.98059,1.88,1.50
2013.01.23 12:21:56.119,0.98041,0.98062,3.38,1.50
2013.01.23 12:21:56.684,0.98043,0.98063,1.50,1.50
2013.01.23 12:21:57.498,0.98041,0.98063,2.63,2.25
2013.01.23 12:21:57.619,0.98041,0.98063,1.65,2.25
2013.01.23 12:21:58.039,0.98043,0.98064,1.50,1.50
2013.01.23 12:21:59.249,0.98043,0.98066,1.50,1.73
2013.01.23 12:22:01.288,0.98043,0.98062,1.50,1.50
2013.01.23 12:22:01.408,0.9804,0.98062,2.25,1.50
2013.01.23 12:22:04.240,0.98042,0.98062,1.50,1.50
2013.01.23 12:22:05.044,0.98039,0.98062,1.13,3.00
2013.01.23 12:22:06.888,0.98039,0.98062,1.13,3.00
2013.01.23 12:22:07.338,0.98038,0.98057,2.63,1.50
2013.01.23 12:22:07.458,0.98038,0.98058,1.88,1.50
2013.01.23 12:22:10.380,0.98038,0.98058,1.88,1.50
2013.01.23 12:22:11.172,0.98038,0.98057,1.88,1.50
2013.01.23 12:22:11.533,0.98036,0.98054,1.50,1.50
2013.01.23 12:22:12.281,0.98032,0.98051,1.50,1.50
2013.01.23 12:22:17.839,0.98031,0.98053,1.88,1.50
2013.01.23 12:22:18.414,0.98033,0.98053,1.50,1.50
2013.01.23 12:22:20.548,0.98033,0.98053,1.50,1.50
2013.01.23 12:22:20.629,0.98033,0.98053,1.50,1.50
2013.01.23 12:22:20.965,0.98033,0.98056,2.25,1.65
2013.01.23 12:22:21.487,0.98033,0.98056,3.00,1.65
2013.01.23 12:22:25.392,0.98033,0.98057,2.25,2.85
2013.01.23 12:22:25.472,0.98029,0.9805,2.25,2.25
2013.01.23 12:22:25.543,0.98029,0.9805,2.25,2.25
2013.01.23 12:22:25.671,0.98031,0.98052,1.50,2.25
2013.01.23 12:22:25.728,0.98031,0.98052,1.50,1.50
2013.01.23 12:22:26.078,0.98035,0.98052,2.25,1.50
2013.01.23 12:22:26.199,0.98037,0.98059,2.25,3.15
2013.01.23 12:22:26.908,0.98037,0.98059,2.25,2.25
2013.01.23 12:22:26.991,0.9804,0.9806,1.50,1.50
2013.01.23 12:22:27.430,0.98038,0.98059,2.25,2.25
2013.01.23 12:22:32.069,0.98037,0.98058,1.88,1.50
2013.01.23 12:22:32.498,0.98037,0.98054,1.50,1.50
2013.01.23 12:22:32.758,0.98037,0.98054,1.50,1.50
2013.01.23 12:22:33.008,0.98039,0.98054,1.50,1.50
2013.01.23 12:22:34.008,0.98037,0.98054,1.88,1.50
2013.01.23 12:22:34.810,0.98037,0.98054,1.50,1.50
2013.01.23 12:22:35.158,0.98037,0.98059,2.25,3.23
2013.01.23 12:22:35.783,0.98037,0.98059,2.25,3.75
2013.01.23 12:22:41.669,0.98038,0.9806,1.13,2.40
2013.01.23 12:22:41.942,0.98045,0.98061,1.50,3.00
2013.01.23 12:22:42.118,0.98045,0.98065,2.25,1.50
2013.01.23 12:22:42.809,0.98045,0.98067,2.63,2.25
2013.01.23 12:22:45.269,0.98046,0.98067,1.13,2.25
2013.01.23 12:22:49.933,0.98047,0.98067,3.75,2.25
2013.01.23 12:22:49.999,0.98047,0.98067,4.50,2.25
2013.01.23 12:22:50.188,0.98051,0.98069,2.25,1.50
2013.01.23 12:22:52.299,0.98051,0.98073,2.25,2.25
2013.01.23 12:22:55.358,0.98047,0.9807,2.63,1.50
2013.01.23 12:22:55.939,0.98048,0.9807,1.50,1.50
2013.01.23 12:22:57.738,0.98047,0.9807,2.25,1.50
2013.01.23 12:23:02.861,0.98048,0.9807,1.50,1.50
2013.01.23 12:23:04.319,0.98047,0.98068,2.25,1.50
2013.01.23 12:23:04.989,0.98047,0.98068,2.25,1.50
2013.01.23 12:23:05.290,0.98047,0.98069,1.50,1.50
2013.01.23 12:23:05.349,0.98047,0.98071,2.25,2.40
2013.01.23 12:23:06.060,0.9805,0.98072,2.25,1.13
2013.01.23 12:23:06.189,0.9805,0.98072,2.25,1.13
2013.01.23 12:23:07.710,0.9805,0.9807,1.50,1.50
2013.01.23 12:23:07.769,0.98048,0.98069,3.75,2.25
2013.01.23 12:23:11.429,0.98042,0.98065,1.28,3.00
2013.01.23 12:23:11.488,0.98042,0.98064,1.28,1.50
2013.01.23 12:23:12.150,0.98042,0.98064,1.28,1.50
2013.01.23 12:23:12.328,0.98047,0.98068,1.50,1.50
2013.01.23 12:23:12.388,0.98047,0.98068,1.50,1.50
2013.01.23 12:23:13.539,0.98047,0.98065,1.50,1.50
2013.01.23 12:23:13.598,0.98045,0.98065,2.63,1.50
2013.01.23 12:23:14.248,0.98044,0.98062,1.50,1.50
2013.01.23 12:23:19.540,0.98044,0.98067,1.50,1.50
2013.01.23 12:23:19.778,0.98044,0.98068,2.63,3.00
2013.01.23 12:23:20.125,0.98051,0.98068,1.50,1.50
2013.01.23 12:23:20.339,0.98048,0.98068,1.50,1.50
2013.01.23 12:23:25.039,0.98046,0.98063,3.00,1.50
2013.01.23 12:23:27.572,0.98046,0.98068,2.25,2.25
2013.01.23 12:23:27.948,0.98049,0.98069,1.50,1.50
2013.01.23 12:23:28.802,0.98049,0.9807,2.25,1.50
2013.01.23 12:23:29.989,0.98049,0.98068,1.50,1.50
2013.01.23 12:23:30.050,0.98046,0.98068,2.25,3.00
2013.01.23 12:23:30.929,0.98046,0.98068,2.25,3.00
2013.01.23 12:23:31.688,0.98046,0.98068,2.25,2.25
2013.01.23 12:23:33.349,0.98046,0.98068,2.25,3.00
2013.01.23 12:23:34.229,0.98049,0.98068,1.50,1.50
2013.01.23 12:23:38.019,0.98046,0.98068,3.75,3.00
2013.01.23 12:23:39.732,0.98046,0.98068,2.25,2.25
2013.01.23 12:23:39.858,0.98046,0.98068,2.25,2.25
2013.01.23 12:23:45.266,0.98046,0.98068,2.25,2.25
2013.01.23 12:23:46.003,0.98046,0.98068,2.25,2.25
2013.01.23 12:23:46.131,0.98046,0.98068,2.25,3.00
2013.01.23 12:23:46.798,0.98047,0.98069,1.13,2.25
2013.01.23 12:23:53.759,0.98046,0.98069,2.25,2.25
2013.01.23 12:23:53.878,0.98048,0.98069,1.50,2.25
2013.01.23 12:23:56.380,0.98048,0.98072,3.38,2.40
2013.01.23 12:23:56.953,0.98046,0.98067,1.13,2.25
2013.01.23 12:23:57.881,0.98046,0.98067,1.13,2.25
2013.01.23 12:23:58.618,0.98048,0.98069,1.50,1.50
2013.01.23 12:23:59.019,0.98045,0.98067,3.75,2.25
2013.01.23 12:24:00.698,0.98045,0.98067,2.63,2.25
2013.01.23 12:24:07.253,0.98048,0.98068,1.50,1.50
2013.01.23 12:24:11.098,0.98046,0.98067,2.25,2.25
2013.01.23 12:24:11.358,0.98045,0.98067,1.50,3.00
2013.01.23 12:24:11.960,0.98042,0.98064,2.25,2.25
2013.01.23 12:24:14.538,0.9804,0.98061,2.25,2.25
2013.01.23 12:24:14.598,0.9804,0.98061,2.25,2.25
2013.01.23 12:24:14.718,0.98038,0.98058,4.13,2.25
2013.01.23 12:24:15.821,0.9804,0.98058,1.50,1.50
2013.01.23 12:24:16.370,0.98039,0.98058,1.13,2.25
2013.01.23 12:24:18.293,0.9804,0.98061,2.25,3.00
2013.01.23 12:24:20.751,0.9804,0.98061,3.00,1.50
2013.01.23 12:24:20.989,0.98042,0.98064,1.13,1.50
2013.01.23 12:24:21.050,0.98044,0.98065,1.88,1.50
2013.01.23 12:24:21.409,0.98045,0.98067,1.50,2.40
2013.01.23 12:24:22.125,0.98045,0.98067,2.25,2.40
2013.01.23 12:24:22.608,0.98045,0.98067,2.25,2.25
2013.01.23 12:24:22.728,0.98042,0.98064,1.88,2.25
2013.01.23 12:24:23.309,0.98042,0.98064,1.50,2.25
2013.01.23 12:24:25.627,0.98042,0.98064,1.50,2.25
2013.01.23 12:24:28.103,0.98042,0.98064,2.25,1.50
2013.01.23 12:24:28.230,0.98046,0.98068,1.50,1.73
2013.01.23 12:24:28.561,0.98049,0.9807,1.50,1.50
2013.01.23 12:24:28.621,0.98049,0.98071,1.50,2.40
2013.01.23 12:24:28.801,0.98049,0.98071,2.63,1.65
2013.01.23 12:24:29.218,0.98049,0.98073,1.50,3.23
2013.01.23 12:24:29.398,0.98049,0.98073,2.25,3.00
2013.01.23 12:24:29.599,0.98049,0.98073,1.50,3.00
2013.01.23 12:24:29.659,0.98047,0.98069,3.15,2.25
2013.01.23 12:24:30.191,0.98047,0.98069,1.50,2.40
2013.01.23 12:24:35.270,0.98047,0.98069,1.50,2.40
2013.01.23 12:24:38.170,0.98047,0.98069,2.25,2.40
2013.01.23 12:24:38.409,0.98047,0.98069,2.25,2.40
2013.01.23 12:24:38.532,0.98047,0.98069,1.50,2.40
2013.01.23 12:24:38.589,0.98047,0.98069,2.25,1.65
2013.01.23 12:24:38.649,0.98051,0.98072,1.50,2.63
2013.01.23 12:24:39.290,0.9805,0.98072,1.50,1.13
2013.01.23 12:24:39.468,0.98052,0.98073,1.50,6.00
2013.01.23 12:24:39.710,0.98054,0.98076,1.50,2.25
2013.01.23 12:24:40.769,0.9805,0.98073,3.00,2.25
2013.01.23 12:24:41.140,0.98049,0.9807,1.35,2.25
2013.01.23 12:24:41.280,0.98048,0.9807,3.00,2.25
2013.01.23 12:24:43.642,0.98052,0.98073,1.50,2.78
2013.01.23 12:24:45.240,0.98052,0.98073,1.50,1.80
2013.01.23 12:24:48.210,0.98052,0.98073,1.50,1.65
2013.01.23 12:24:51.649,0.98052,0.98074,2.25,2.78
2013.01.23 12:24:53.044,0.98048,0.98071,2.25,2.40
2013.01.23 12:24:53.112,0.98047,0.98068,2.25,1.50
2013.01.23 12:24:53.359,0.98045,0.98066,3.00,1.50
2013.01.23 12:24:53.550,0.98046,0.98068,2.25,3.00
2013.01.23 12:24:53.610,0.98045,0.98065,2.25,1.50
2013.01.23 12:24:53.669,0.98045,0.98065,2.25,1.50
2013.01.23 12:24:56.349,0.98043,0.98065,2.40,2.25
2013.01.23 12:24:58.539,0.98041,0.98063,1.50,1.50
2013.01.23 12:24:58.598,0.9804,0.98063,2.25,2.25
2013.01.23 12:24:58.718,0.98039,0.98063,2.40,2.25
2013.01.23 12:24:58.838,0.98039,0.98062,2.25,1.73
2013.01.23 12:24:59.080,0.98036,0.98056,1.35,1.50
2013.01.23 12:24:59.199,0.98034,0.98056,3.00,2.25
2013.01.23 12:24:59.259,0.98034,0.98056,2.25,2.25
2013.01.23 12:25:00.149,0.98034,0.98053,1.50,1.13
2013.01.23 12:25:00.530,0.98034,0.9805,1.50,1.65
2013.01.23 12:25:00.859,0.98026,0.98048,1.88,1.50
2013.01.23 12:25:00.919,0.98026,0.98048,1.13,1.73
2013.01.23 12:25:01.279,0.98022,0.98045,5.10,1.13
2013.01.23 12:25:01.804,0.98022,0.98045,2.25,1.13
2013.01.23 12:25:02.417,0.98022,0.98045,2.25,1.13
2013.01.23 12:25:03.360,0.98026,0.98049,2.25,3.00
2013.01.23 12:25:03.480,0.98026,0.98049,2.25,9.23
2013.01.23 12:25:03.788,0.98026,0.98049,3.00,2.25
2013.01.23 12:25:05.779,0.98028,0.98049,1.50,2.25
2013.01.23 12:25:08.998,0.98028,0.98049,1.50,2.25
2013.01.23 12:25:09.178,0.98026,0.98049,2.25,2.25
2013.01.23 12:25:09.358,0.98029,0.98051,2.25,2.25
2013.01.23 12:25:11.483,0.98029,0.98051,2.25,2.25
2013.01.23 12:25:11.728,0.98029,0.98051,2.25,3.00
2013.01.23 12:25:12.266,0.98029,0.98051,2.25,3.00
2013.01.23 12:25:13.440,0.98029,0.98051,2.25,2.25
2013.01.23 12:25:14.888,0.98029,0.98049,2.25,1.50
2013.01.23 12:25:15.078,0.98026,0.98047,3.75,1.50
2013.01.23 12:25:16.849,0.98028,0.9805,2.25,3.75
2013.01.23 12:25:18.818,0.98031,0.98054,3.00,1.73
2013.01.23 12:25:18.998,0.98031,0.98054,2.25,1.65
2013.01.23 12:25:23.900,0.98028,0.98052,2.25,1.65
2013.01.23 12:25:24.019,0.98026,0.98048,3.75,1.50
2013.01.23 12:25:25.012,0.98026,0.98048,3.00,1.50
2013.01.23 12:25:25.073,0.98029,0.98051,2.25,2.25
2013.01.23 12:25:25.139,0.98029,0.98051,2.25,2.25
2013.01.23 12:25:26.120,0.98029,0.98051,2.25,1.50
2013.01.23 12:25:26.792,0.98029,0.98051,2.25,2.25
2013.01.23 12:25:27.123,0.98029,0.98051,2.25,2.25
2013.01.23 12:25:27.728,0.98029,0.98051,2.25,1.50
2013.01.23 12:25:27.789,0.98029,0.98051,2.25,1.50
2013.01.23 12:25:28.489,0.98032,0.98054,2.25,2.40
2013.01.23 12:25:35.365,0.98029,0.98053,2.25,1.65
2013.01.23 12:25:36.188,0.98029,0.98053,2.25,1.50
2013.01.23 12:25:41.999,0.98029,0.98053,2.25,1.50
2013.01.23 12:25:42.325,0.98034,0.98058,2.25,5.78
2013.01.23 12:25:42.629,0.98037,0.98059,2.25,3.15
2013.01.23 12:25:43.278,0.98041,0.98059,1.50,3.00
2013.01.23 12:25:44.021,0.98041,0.9806,1.50,1.65
2013.01.23 12:25:45.276,0.98041,0.9806,2.25,1.65
2013.01.23 12:25:45.439,0.98041,0.98062,2.25,4.13
2013.01.23 12:25:46.278,0.98041,0.98062,2.25,4.13
2013.01.23 12:25:46.699,0.98046,0.98062,1.50,3.15
2013.01.23 12:25:47.079,0.98043,0.98063,2.25,1.13
2013.01.23 12:25:47.248,0.98043,0.98067,2.25,5.25
2013.01.23 12:25:49.444,0.98043,0.98067,2.25,2.25
2013.01.23 12:25:49.749,0.98046,0.98068,2.25,1.50
2013.01.23 12:25:52.379,0.98046,0.9807,2.25,2.25
2013.01.23 12:25:53.829,0.9805,0.98071,2.25,3.15
2013.01.23 12:25:54.210,0.9805,0.98071,2.25,3.90
2013.01.23 12:25:55.259,0.98048,0.98069,2.25,2.25
2013.01.23 12:25:55.810,0.98044,0.98068,2.25,1.50
2013.01.23 12:25:57.569,0.98044,0.98068,2.25,1.50
2013.01.23 12:26:08.489,0.98047,0.98068,1.50,1.50
2013.01.23 12:26:12.860,0.98044,0.98068,2.40,1.50
2013.01.23 12:26:13.192,0.98042,0.98064,1.13,1.50
2013.01.23 12:26:13.248,0.98045,0.98069,2.40,2.25
2013.01.23 12:26:14.319,0.98045,0.98069,2.40,1.50
2013.01.23 12:26:17.604,0.98045,0.98069,2.40,3.00
2013.01.23 12:26:17.908,0.98044,0.98065,2.40,1.50
2013.01.23 12:26:18.368,0.98046,0.98068,2.25,2.25
2013.01.23 12:26:18.428,0.98046,0.98068,2.25,1.50
2013.01.23 12:26:23.439,0.98042,0.98065,1.28,1.50
2013.01.23 12:26:23.679,0.98041,0.98065,3.00,2.25
2013.01.23 12:26:24.148,0.98042,0.98065,2.33,1.50
2013.01.23 12:26:24.328,0.98046,0.98067,2.25,1.50
2013.01.23 12:26:29.748,0.98049,0.9807,2.25,2.78
2013.01.23 12:26:35.308,0.98049,0.9807,2.25,2.03
2013.01.23 12:26:36.339,0.98049,0.9807,2.25,1.65
2013.01.23 12:26:36.909,0.9805,0.98074,2.25,5.25
2013.01.23 12:26:39.530,0.9805,0.98074,2.25,3.00
2013.01.23 12:26:40.711,0.98052,0.98074,1.50,2.25
2013.01.23 12:26:41.069,0.98053,0.98074,1.50,1.50
2013.01.23 12:26:41.188,0.98053,0.98073,1.50,1.50
2013.01.23 12:26:41.311,0.98053,0.9807,1.50,1.50
2013.01.23 12:26:42.005,0.98053,0.9807,1.50,1.50
2013.01.23 12:26:43.380,0.98052,0.98072,2.40,1.50
2013.01.23 12:26:43.439,0.98052,0.98074,2.40,2.25
2013.01.23 12:26:44.358,0.98052,0.98074,3.15,1.50
2013.01.23 12:26:48.079,0.98052,0.98074,3.15,1.50
2013.01.23 12:26:55.229,0.98052,0.98074,3.15,1.50
2013.01.23 12:27:01.669,0.98057,0.98078,1.50,3.00
2013.01.23 12:27:01.729,0.98058,0.98079,2.25,1.50
2013.01.23 12:27:02.350,0.98062,0.98083,1.65,1.13
2013.01.23 12:27:02.864,0.98067,0.98088,2.25,2.25
2013.01.23 12:27:03.489,0.98064,0.98085,2.25,3.00
2013.01.23 12:27:03.548,0.98064,0.98085,2.25,3.00
2013.01.23 12:27:04.240,0.98064,0.98085,3.00,2.25
2013.01.23 12:27:04.690,0.98066,0.98088,2.25,1.50
2013.01.23 12:27:05.770,0.98065,0.98088,2.25,1.50
2013.01.23 12:27:06.558,0.98064,0.98085,2.25,3.00
2013.01.23 12:27:15.239,0.98064,0.98084,2.25,1.50
2013.01.23 12:27:16.611,0.98064,0.98084,2.25,1.50
2013.01.23 12:27:17.139,0.98064,0.98084,2.25,1.50
2013.01.23 12:27:23.000,0.98061,0.98083,2.40,2.25
2013.01.23 12:27:28.070,0.98066,0.98089,1.50,3.00
2013.01.23 12:27:28.719,0.98063,0.98087,2.40,2.25
2013.01.23 12:27:29.080,0.98061,0.98082,1.50,1.50
2013.01.23 12:27:30.499,0.98062,0.98083,2.25,1.50
2013.01.23 12:27:31.418,0.98062,0.98083,2.25,2.25
2013.01.23 12:27:32.752,0.98062,0.98083,2.25,2.25
2013.01.23 12:27:35.309,0.98064,0.98086,2.25,1.65
2013.01.23 12:27:36.812,0.98064,0.98085,2.25,1.50
2013.01.23 12:27:43.489,0.98064,0.98085,2.25,1.50
2013.01.23 12:27:43.848,0.98067,0.98087,2.25,1.50
2013.01.23 12:27:46.229,0.98067,0.98087,2.25,1.50
2013.01.23 12:27:46.966,0.9807,0.98087,1.50,1.50
2013.01.23 12:27:52.060,0.98068,0.98087,2.25,1.50
2013.01.23 12:27:53.108,0.98068,0.98088,2.25,1.50
2013.01.23 12:27:55.291,0.98068,0.98089,2.25,3.00
2013.01.23 12:27:56.429,0.98067,0.98088,2.25,1.50
2013.01.23 12:27:57.221,0.98067,0.98085,2.40,1.50
2013.01.23 12:27:57.853,0.98067,0.98085,2.40,1.50
2013.01.23 12:27:57.979,0.98067,0.98082,2.40,1.50
2013.01.23 12:27:59.279,0.98061,0.98083,2.25,2.25
2013.01.23 12:28:00.389,0.98061,0.98083,2.25,2.25
2013.01.23 12:28:00.470,0.98061,0.98081,2.25,1.50
2013.01.23 12:28:01.109,0.98058,0.98078,1.13,1.50
2013.01.23 12:28:01.392,0.98058,0.98078,1.13,1.50
2013.01.23 12:28:01.508,0.98059,0.9808,2.40,1.50
2013.01.23 12:28:01.689,0.98059,0.98079,2.40,1.50
2013.01.23 12:28:02.580,0.98058,0.98078,1.13,1.50
2013.01.23 12:28:05.199,0.98058,0.98074,1.13,2.25
2013.01.23 12:28:05.380,0.98052,0.98074,2.55,2.25
2013.01.23 12:28:05.511,0.98052,0.98074,3.15,1.50
2013.01.23 12:28:12.929,0.98056,0.98076,1.50,1.13
2013.01.23 12:28:13.288,0.98056,0.98078,2.40,2.63
2013.01.23 12:28:13.348,0.98056,0.98078,2.40,2.25
2013.01.23 12:28:14.790,0.98056,0.98078,2.40,2.25
2013.01.23 12:28:18.093,0.98058,0.98078,1.50,1.50
2013.01.23 12:28:18.148,0.98058,0.98078,1.50,1.50
2013.01.23 12:28:20.250,0.98057,0.98078,2.25,3.00
2013.01.23 12:28:20.609,0.98055,0.98075,2.25,1.13
2013.01.23 12:28:20.670,0.98055,0.98077,2.25,1.13
2013.01.23 12:28:22.116,0.98055,0.98077,1.50,1.13
2013.01.23 12:28:22.389,0.98052,0.98076,2.25,2.25
2013.01.23 12:28:22.820,0.98052,0.98076,2.25,2.25
2013.01.23 12:28:23.259,0.9806,0.98081,1.50,1.13
2013.01.23 12:28:23.409,0.9806,0.98081,1.50,1.13
2013.01.23 12:28:24.306,0.98063,0.98081,1.50,1.28
2013.01.23 12:28:24.430,0.98063,0.98084,1.50,1.65
2013.01.23 12:28:25.079,0.98068,0.98084,1.50,1.65
2013.01.23 12:28:25.199,0.98068,0.98086,1.50,1.50
2013.01.23 12:28:25.473,0.98068,0.98086,1.50,1.13
2013.01.23 12:28:26.094,0.98068,0.98089,2.25,1.65
2013.01.23 12:28:28.110,0.98068,0.98087,2.25,1.50
2013.01.23 12:28:28.170,0.98068,0.98087,2.25,1.50
2013.01.23 12:28:28.289,0.98065,0.98085,2.25,1.50
2013.01.23 12:28:28.349,0.98067,0.98085,1.50,1.50
2013.01.23 12:28:29.933,0.98067,0.98087,2.25,1.50
2013.01.23 12:28:29.993,0.98067,0.98089,2.25,3.15
2013.01.23 12:28:32.350,0.98067,0.98087,2.25,1.50
2013.01.23 12:28:35.090,0.98067,0.98088,2.25,1.50
2013.01.23 12:28:35.650,0.98067,0.98089,2.25,3.15
2013.01.23 12:28:44.448,0.98067,0.98089,2.25,3.00
2013.01.23 12:28:45.650,0.98067,0.98089,2.25,3.00
2013.01.23 12:28:47.750,0.98063,0.98087,2.25,1.50
2013.01.23 12:28:48.141,0.98063,0.98087,2.25,2.25
2013.01.23 12:28:48.259,0.98063,0.98085,2.25,1.50
2013.01.23 12:28:52.649,0.98065,0.98087,2.25,2.25
2013.01.23 12:28:52.971,0.9807,0.98089,1.50,1.13
2013.01.23 12:28:53.178,0.9807,0.9809,1.50,1.13
2013.01.23 12:28:53.239,0.98067,0.98089,2.25,2.25
2013.01.23 12:28:53.479,0.98067,0.98089,2.25,1.50
2013.01.23 12:28:55.000,0.98067,0.98089,2.25,2.25
2013.01.23 12:28:55.268,0.98067,0.98089,2.25,2.25
2013.01.23 12:28:55.729,0.9807,0.98089,1.50,1.50
2013.01.23 12:28:56.089,0.98081,0.98098,2.25,1.50
2013.01.23 12:28:56.544,0.98083,0.98106,2.25,2.63
2013.01.23 12:28:56.760,0.98083,0.98106,2.25,1.13
2013.01.23 12:28:57.988,0.98086,0.98108,2.25,1.65
2013.01.23 12:28:59.071,0.98086,0.98109,2.25,7.65
2013.01.23 12:28:59.350,0.98086,0.98109,2.25,7.65
2013.01.23 12:28:59.632,0.98086,0.98106,1.50,1.50
2013.01.23 12:29:00.614,0.98084,0.98106,2.25,2.25
2013.01.23 12:29:00.869,0.9808,0.98104,2.25,2.25
2013.01.23 12:29:01.059,0.9808,0.98104,2.25,2.48
2013.01.23 12:29:03.640,0.98079,0.981,2.25,2.25
2013.01.23 12:29:03.759,0.98079,0.981,2.25,2.25
2013.01.23 12:29:03.962,0.98079,0.98097,1.50,2.10
2013.01.23 12:29:04.460,0.98068,0.98089,3.75,3.00
2013.01.23 12:29:04.521,0.98068,0.98089,2.25,3.00
2013.01.23 12:29:04.761,0.98065,0.98089,3.00,2.25
2013.01.23 12:29:04.879,0.98063,0.98085,2.40,1.50
2013.01.23 12:29:06.830,0.98061,0.98085,2.25,1.65
2013.01.23 12:29:06.889,0.98061,0.98083,2.25,1.50
2013.01.23 12:29:07.208,0.98058,0.9808,2.25,1.50
2013.01.23 12:29:07.509,0.98056,0.98077,1.65,1.50
2013.01.23 12:29:09.382,0.98054,0.98077,2.63,1.50
2013.01.23 12:29:09.619,0.98052,0.98074,2.25,1.50
2013.01.23 12:29:09.679,0.98052,0.98071,2.25,1.50
2013.01.23 12:29:09.800,0.98052,0.98071,2.25,1.50
