2011.01.27 02:00:01.537,0.93936,0.93972,3.75,2.25
2011.01.27 02:00:03.816,0.93936,0.93972,3.83,2.25
2011.01.27 02:00:04.872,0.93938,0.93972,3.75,2.25
2011.01.27 02:00:06.018,0.93937,0.93972,3.75,2.25
2011.01.27 02:00:06.677,0.93936,0.93972,3.75,2.25
2011.01.27 02:00:08.080,0.93937,0.93972,3.75,2.25
2011.01.27 02:00:20.507,0.93935,0.93972,3.75,2.25
2011.01.27 02:00:21.598,0.93934,0.93972,3.75,2.25
2011.01.27 02:00:22.721,0.93936,0.93972,3.75,2.25
2011.01.27 02:00:23.434,0.9393,0.93972,3.75,2.25
2011.01.27 02:00:23.551,0.93933,0.93973,3.75,2.25
2011.01.27 02:00:23.879,0.9393,0.93963,3.75,2.25
2011.01.27 02:00:24.209,0.93926,0.93963,3.75,2.25
2011.01.27 02:00:24.804,0.93921,0.93962,3.83,2.25
2011.01.27 02:00:25.838,0.93923,0.93953,3.75,2.25
2011.01.27 02:00:25.948,0.93919,0.93953,3.75,2.25
2011.01.27 02:00:26.749,0.93918,0.93953,3.75,2.25
2011.01.27 02:00:26.857,0.9392,0.93953,3.75,2.25
2011.01.27 02:00:27.106,0.93918,0.93953,3.75,2.25
2011.01.27 02:00:27.327,0.9392,0.93953,3.75,2.25
2011.01.27 02:00:28.016,0.93919,0.93953,3.75,2.25
2011.01.27 02:00:29.613,0.9392,0.93952,3.75,2.25
2011.01.27 02:00:29.726,0.93917,0.93952,3.75,2.25
2011.01.27 02:00:30.393,0.93917,0.93952,3.90,2.25
2011.01.27 02:00:31.604,0.93917,0.93952,3.83,2.25
2011.01.27 02:00:34.168,0.93916,0.93952,3.75,2.25
2011.01.27 02:00:34.761,0.93911,0.93952,3.90,2.25
2011.01.27 02:00:35.357,0.93916,0.93952,3.75,2.25
2011.01.27 02:00:36.917,0.93916,0.93952,3.83,2.25
2011.01.27 02:00:37.627,0.93912,0.93952,3.83,2.25
2011.01.27 02:00:38.068,0.93909,0.93952,5.25,2.25
2011.01.27 02:00:38.178,0.93908,0.93943,3.75,2.25
2011.01.27 02:00:40.492,0.93903,0.93943,3.75,2.25
2011.01.27 02:00:40.607,0.939,0.93943,3.75,2.25
2011.01.27 02:00:40.717,0.93899,0.93933,3.75,2.25
2011.01.27 02:00:41.269,0.93898,0.93933,3.75,2.25
2011.01.27 02:00:42.042,0.93897,0.93933,3.75,2.25
2011.01.27 02:00:42.608,0.93898,0.93933,3.75,2.25
2011.01.27 02:00:45.609,0.93893,0.93933,3.75,2.25
2011.01.27 02:00:46.296,0.93892,0.93933,5.33,2.25
2011.01.27 02:00:46.414,0.93898,0.93933,3.75,2.25
2011.01.27 02:00:46.528,0.93903,0.93942,3.75,2.25
2011.01.27 02:00:50.509,0.93909,0.93942,3.75,2.25
2011.01.27 02:00:50.618,0.93909,0.93952,3.75,2.25
2011.01.27 02:00:51.238,0.93906,0.93952,3.75,6.00
2011.01.27 02:00:51.787,0.93912,0.93952,3.75,2.25
2011.01.27 02:00:52.417,0.9391,0.93952,5.25,2.25
2011.01.27 02:00:53.647,0.93911,0.93949,1.50,1.50
2011.01.27 02:00:53.979,0.93911,0.93943,1.50,2.25
2011.01.27 02:00:54.563,0.9391,0.93943,1.50,2.25
2011.01.27 02:00:55.064,0.93911,0.93943,1.50,2.25
2011.01.27 02:00:56.417,0.93898,0.93934,1.09,1.50
2011.01.27 02:00:56.527,0.93896,0.93934,1.65,1.50
2011.01.27 02:00:56.638,0.93901,0.93932,1.50,2.25
2011.01.27 02:00:57.601,0.93901,0.93932,1.50,2.25
2011.01.27 02:00:57.711,0.93897,0.93933,3.75,2.25
2011.01.27 02:00:58.414,0.93894,0.93933,3.75,2.25
2011.01.27 02:00:58.927,0.93893,0.93933,3.75,2.25
2011.01.27 02:00:59.780,0.93891,0.93922,1.50,2.25
2011.01.27 02:01:01.557,0.93892,0.93922,3.75,2.25
2011.01.27 02:01:02.347,0.93894,0.93933,3.75,2.25
2011.01.27 02:01:03.357,0.939,0.93933,1.50,2.25
2011.01.27 02:01:04.034,0.93894,0.93933,3.75,2.25
2011.01.27 02:01:04.600,0.93891,0.93922,1.50,2.25
2011.01.27 02:01:04.818,0.93891,0.93931,1.50,1.50
2011.01.27 02:01:04.928,0.93896,0.93932,1.50,2.25
2011.01.27 02:01:05.518,0.93894,0.93932,3.75,2.25
2011.01.27 02:01:06.068,0.93897,0.93932,3.75,2.25
2011.01.27 02:01:06.748,0.93894,0.93932,3.75,2.25
2011.01.27 02:01:07.893,0.93892,0.93932,3.75,2.25
2011.01.27 02:01:08.012,0.93894,0.93933,3.75,2.25
2011.01.27 02:01:09.379,0.93893,0.93933,3.90,2.25
2011.01.27 02:01:10.028,0.93893,0.93933,3.90,3.19
2011.01.27 02:01:10.789,0.93874,0.93912,3.75,3.75
2011.01.27 02:01:10.902,0.9387,0.93912,3.75,3.75
2011.01.27 02:01:11.019,0.93864,0.93902,3.83,2.25
2011.01.27 02:01:11.597,0.93864,0.93902,3.75,2.25
2011.01.27 02:01:12.359,0.93862,0.93893,1.58,2.25
2011.01.27 02:01:12.687,0.93871,0.93902,1.50,2.25
2011.01.27 02:01:12.797,0.93861,0.93902,3.75,2.25
2011.01.27 02:01:13.017,0.93859,0.93902,3.75,2.25
2011.01.27 02:01:13.690,0.93859,0.93883,3.75,3.75
2011.01.27 02:01:13.805,0.93845,0.93881,1.58,3.75
2011.01.27 02:01:14.029,0.93836,0.93877,4.09,3.75
2011.01.27 02:01:14.578,0.93836,0.93873,4.09,2.25
2011.01.27 02:01:14.694,0.93834,0.93873,1.50,2.44
2011.01.27 02:01:14.811,0.93832,0.93865,3.90,1.50
2011.01.27 02:01:15.409,0.93825,0.93863,1.80,2.25
2011.01.27 02:01:15.524,0.93825,0.93863,1.50,6.00
2011.01.27 02:01:17.680,0.93829,0.93863,1.50,2.25
2011.01.27 02:01:17.794,0.93834,0.93872,1.50,2.25
2011.01.27 02:01:17.908,0.9384,0.93872,3.75,2.25
2011.01.27 02:01:18.706,0.93839,0.93872,1.50,2.25
2011.01.27 02:01:19.707,0.93839,0.93872,2.25,2.25
2011.01.27 02:01:19.817,0.93839,0.93879,2.25,1.50
2011.01.27 02:01:20.038,0.9384,0.93882,4.69,2.25
2011.01.27 02:01:20.857,0.93854,0.93888,1.50,3.75
2011.01.27 02:01:20.973,0.93854,0.93892,2.25,1.50
2011.01.27 02:01:21.417,0.93856,0.93895,2.25,3.75
2011.01.27 02:01:22.439,0.93864,0.93904,2.25,3.75
2011.01.27 02:01:23.015,0.93864,0.93909,5.25,1.50
2011.01.27 02:01:23.132,0.93871,0.93917,4.50,3.94
2011.01.27 02:01:23.577,0.93875,0.93919,3.75,3.75
2011.01.27 02:01:24.538,0.93875,0.93919,3.75,3.94
2011.01.27 02:01:25.030,0.93872,0.93912,2.33,1.50
2011.01.27 02:01:25.247,0.93874,0.93915,1.50,3.75
2011.01.27 02:01:25.357,0.93874,0.93919,2.25,3.75
2011.01.27 02:01:26.371,0.93874,0.9392,6.00,3.75
2011.01.27 02:01:28.228,0.93873,0.93919,6.00,3.94
2011.01.27 02:01:28.336,0.93873,0.93919,6.00,3.94
2011.01.27 02:01:28.447,0.93873,0.93911,2.40,1.50
2011.01.27 02:01:29.541,0.93873,0.93911,2.33,1.50
2011.01.27 02:01:29.647,0.93873,0.93911,2.25,1.50
2011.01.27 02:01:29.762,0.93873,0.93911,2.44,1.50
2011.01.27 02:01:30.342,0.93872,0.93918,3.94,3.75
2011.01.27 02:01:30.457,0.93877,0.93921,3.75,3.75
2011.01.27 02:01:30.788,0.93871,0.93915,3.75,3.75
2011.01.27 02:01:33.219,0.93864,0.93904,2.59,3.75
2011.01.27 02:01:33.895,0.93863,0.93902,4.05,1.50
2011.01.27 02:01:34.006,0.93858,0.93902,3.75,2.25
2011.01.27 02:01:34.117,0.93858,0.93904,3.75,3.75
2011.01.27 02:01:34.804,0.93861,0.93905,3.90,3.75
2011.01.27 02:01:35.444,0.93861,0.93902,3.75,1.50
2011.01.27 02:01:35.671,0.93862,0.93906,3.75,3.75
2011.01.27 02:01:35.998,0.9386,0.93904,3.75,3.75
2011.01.27 02:01:36.569,0.9386,0.93903,3.75,2.25
2011.01.27 02:01:36.679,0.93857,0.93901,4.09,3.75
2011.01.27 02:01:37.007,0.93853,0.93899,3.90,3.75
2011.01.27 02:01:37.598,0.93853,0.93899,3.75,3.75
2011.01.27 02:01:39.171,0.93852,0.93898,3.83,3.75
2011.01.27 02:01:39.730,0.93853,0.93897,3.83,3.75
2011.01.27 02:01:40.629,0.93861,0.93905,3.75,3.75
2011.01.27 02:01:40.957,0.93867,0.93911,3.75,3.75
2011.01.27 02:01:41.579,0.93866,0.9391,3.75,3.75
2011.01.27 02:01:42.521,0.93865,0.93911,3.75,3.75
2011.01.27 02:01:43.019,0.93865,0.93909,3.75,3.75
2011.01.27 02:01:43.850,0.93871,0.93917,3.75,3.75
2011.01.27 02:01:43.958,0.93869,0.93915,3.75,3.75
2011.01.27 02:01:44.823,0.93876,0.9392,3.75,3.75
2011.01.27 02:01:45.347,0.93875,0.93919,3.75,3.75
2011.01.27 02:01:45.457,0.93875,0.93921,3.75,3.75
2011.01.27 02:01:46.467,0.9387,0.93916,3.75,3.75
2011.01.27 02:01:47.061,0.93874,0.9392,3.75,3.75
2011.01.27 02:01:47.397,0.93876,0.9392,3.75,3.75
2011.01.27 02:01:48.771,0.93872,0.93916,3.75,3.75
2011.01.27 02:01:50.796,0.93871,0.93915,3.75,3.75
2011.01.27 02:01:52.407,0.93876,0.9392,3.75,3.75
2011.01.27 02:01:55.940,0.93879,0.93923,3.75,3.75
2011.01.27 02:01:56.427,0.93879,0.93925,3.75,3.75
2011.01.27 02:01:56.987,0.93893,0.9393,3.75,2.25
2011.01.27 02:01:57.107,0.93896,0.9394,3.75,1.50
2011.01.27 02:01:57.328,0.93893,0.93937,3.75,3.75
2011.01.27 02:01:58.070,0.93894,0.93938,3.75,3.75
2011.01.27 02:01:58.397,0.93897,0.9394,3.75,1.50
2011.01.27 02:02:01.318,0.93901,0.9394,3.75,1.50
2011.01.27 02:02:01.427,0.93901,0.93945,3.75,3.75
2011.01.27 02:02:01.647,0.93907,0.93949,3.75,1.50
2011.01.27 02:02:02.610,0.93903,0.93947,3.75,3.75
2011.01.27 02:02:05.499,0.93896,0.9394,3.94,3.75
2011.01.27 02:02:05.609,0.93898,0.93942,3.75,3.75
2011.01.27 02:02:05.717,0.93896,0.9394,3.75,1.50
2011.01.27 02:02:06.267,0.93894,0.93938,3.75,3.75
2011.01.27 02:02:06.537,0.93894,0.9394,3.75,3.75
2011.01.27 02:02:07.189,0.93893,0.9393,3.75,1.50
2011.01.27 02:02:07.298,0.93891,0.9393,3.75,1.50
2011.01.27 02:02:09.894,0.93891,0.93935,3.75,3.83
2011.01.27 02:02:11.394,0.93891,0.93931,3.75,1.50
2011.01.27 02:02:12.654,0.93887,0.93931,3.75,1.50
2011.01.27 02:02:14.356,0.93891,0.93931,3.75,1.50
2011.01.27 02:02:14.466,0.93887,0.93931,3.75,1.50
2011.01.27 02:02:14.617,0.93885,0.93929,3.75,3.75
2011.01.27 02:02:15.496,0.93886,0.93931,3.75,1.50
2011.01.27 02:02:16.258,0.93887,0.93931,3.75,5.25
2011.01.27 02:02:16.879,0.93887,0.9393,3.75,1.50
2011.01.27 02:02:17.477,0.93886,0.9393,3.75,5.25
2011.01.27 02:02:18.222,0.93885,0.93929,3.75,3.75
2011.01.27 02:02:19.242,0.93889,0.9393,3.75,1.50
2011.01.27 02:02:19.357,0.93889,0.93933,3.75,3.75
2011.01.27 02:02:19.687,0.93889,0.93935,3.75,3.75
2011.01.27 02:02:22.567,0.93884,0.9393,3.75,3.75
2011.01.27 02:02:26.078,0.9389,0.93934,3.75,3.75
2011.01.27 02:02:27.317,0.93893,0.93939,3.75,3.75
2011.01.27 02:02:43.848,0.93892,0.93932,1.50,3.75
2011.01.27 02:02:44.612,0.93893,0.93939,5.25,3.75
2011.01.27 02:02:44.840,0.93893,0.93937,1.50,3.75
2011.01.27 02:02:44.948,0.93891,0.93937,3.75,3.75
2011.01.27 02:02:45.753,0.93887,0.9393,3.75,1.50
2011.01.27 02:02:45.979,0.93884,0.9393,3.75,3.75
2011.01.27 02:02:46.088,0.93884,0.93923,3.75,2.25
2011.01.27 02:02:46.199,0.93882,0.93922,1.50,1.50
2011.01.27 02:02:47.077,0.9388,0.93911,3.75,1.50
2011.01.27 02:02:47.190,0.93866,0.93901,1.50,3.75
2011.01.27 02:02:47.519,0.93866,0.93904,1.50,3.75
2011.01.27 02:02:47.629,0.93866,0.93902,1.50,3.75
2011.01.27 02:02:48.507,0.93866,0.93901,1.50,3.75
2011.01.27 02:02:48.878,0.93867,0.9391,3.19,3.75
2011.01.27 02:02:49.501,0.93883,0.93915,1.50,3.75
2011.01.27 02:02:49.618,0.93883,0.93919,1.50,3.75
2011.01.27 02:02:49.729,0.93883,0.93915,1.50,3.75
2011.01.27 02:02:53.517,0.93883,0.93914,1.50,3.75
2011.01.27 02:02:54.612,0.93883,0.93909,1.50,3.75
2011.01.27 02:02:54.735,0.93872,0.93912,1.50,1.50
2011.01.27 02:02:55.913,0.93871,0.93893,3.75,1.50
2011.01.27 02:02:56.023,0.93855,0.93893,1.50,3.75
2011.01.27 02:02:56.527,0.93854,0.93892,1.69,2.25
2011.01.27 02:02:57.239,0.93854,0.93893,1.50,2.25
2011.01.27 02:02:57.901,0.93854,0.93893,1.58,2.25
2011.01.27 02:02:58.123,0.93854,0.93893,1.50,2.25
2011.01.27 02:02:58.776,0.93845,0.93883,1.50,3.75
2011.01.27 02:02:59.660,0.93845,0.93883,1.58,3.75
2011.01.27 02:03:00.332,0.93845,0.93883,1.50,3.75
2011.01.27 02:03:01.404,0.93845,0.93883,1.58,1.50
2011.01.27 02:03:02.102,0.93845,0.93883,1.50,1.50
2011.01.27 02:03:03.097,0.93845,0.93878,1.50,3.75
2011.01.27 02:03:03.427,0.93836,0.93874,1.58,1.50
2011.01.27 02:03:04.961,0.93836,0.93874,1.50,1.50
2011.01.27 02:03:06.499,0.93836,0.93874,1.58,1.50
2011.01.27 02:03:06.659,0.93836,0.93874,1.50,1.50
2011.01.27 02:03:08.217,0.93837,0.93882,3.75,2.25
2011.01.27 02:03:08.421,0.93837,0.93882,3.94,2.25
2011.01.27 02:03:09.068,0.93844,0.93884,1.50,1.50
2011.01.27 02:03:11.891,0.93837,0.93882,3.75,1.50
2011.01.27 02:03:13.651,0.93837,0.93882,3.83,1.50
2011.01.27 02:03:14.598,0.93837,0.93882,4.02,1.50
2011.01.27 02:03:14.709,0.93845,0.93883,1.50,1.50
2011.01.27 02:03:20.589,0.93845,0.93879,1.50,3.75
2011.01.27 02:03:20.699,0.93836,0.93875,3.75,1.50
2011.01.27 02:03:21.235,0.93836,0.93882,3.75,6.00
2011.01.27 02:03:21.558,0.93837,0.93882,3.75,2.44
2011.01.27 02:03:22.153,0.93837,0.93882,3.75,2.25
2011.01.27 02:03:22.828,0.93838,0.93882,3.75,6.00
2011.01.27 02:03:24.268,0.93838,0.93882,3.75,6.19
2011.01.27 02:03:24.377,0.93836,0.93874,1.50,1.50
2011.01.27 02:03:30.986,0.93836,0.93874,1.50,1.69
2011.01.27 02:03:31.519,0.93828,0.93866,2.40,1.50
2011.01.27 02:03:31.633,0.93826,0.93864,1.58,1.50
2011.01.27 02:03:32.187,0.93826,0.93864,1.58,1.50
2011.01.27 02:03:32.298,0.93829,0.93872,3.75,2.25
2011.01.27 02:03:32.886,0.93827,0.93872,5.25,2.25
2011.01.27 02:03:33.108,0.93827,0.93868,1.58,3.75
2011.01.27 02:03:33.459,0.93826,0.93864,1.58,1.50
2011.01.27 02:03:33.942,0.93826,0.93864,1.50,1.50
2011.01.27 02:03:35.127,0.93826,0.93868,1.50,3.75
2011.01.27 02:03:35.239,0.93827,0.93871,3.75,3.75
2011.01.27 02:03:35.348,0.93835,0.93871,1.50,3.75
2011.01.27 02:03:36.106,0.93835,0.93872,1.50,3.75
2011.01.27 02:03:36.637,0.93835,0.93875,1.50,1.50
2011.01.27 02:03:38.630,0.93835,0.93875,1.58,1.50
2011.01.27 02:03:39.303,0.93835,0.93875,1.58,1.50
2011.01.27 02:03:40.329,0.93835,0.93875,5.33,1.50
2011.01.27 02:03:40.439,0.93835,0.93881,5.25,3.75
2011.01.27 02:03:40.547,0.93838,0.93882,3.75,6.00
2011.01.27 02:03:40.878,0.93845,0.93882,1.50,2.25
2011.01.27 02:03:41.440,0.93837,0.93882,5.25,2.25
2011.01.27 02:03:41.758,0.93839,0.93882,3.75,2.25
2011.01.27 02:03:43.240,0.93839,0.93884,3.75,1.50
2011.01.27 02:03:43.350,0.93845,0.93883,1.50,1.50
2011.01.27 02:03:43.937,0.93845,0.93878,1.50,3.75
2011.01.27 02:03:44.258,0.93845,0.93878,1.65,3.75
2011.01.27 02:03:44.699,0.93845,0.93878,1.50,3.75
2011.01.27 02:03:45.371,0.93845,0.93876,1.50,3.75
2011.01.27 02:03:45.490,0.93838,0.93876,1.58,3.75
2011.01.27 02:03:45.598,0.93844,0.93879,1.50,3.75
2011.01.27 02:03:46.557,0.93844,0.9388,1.50,3.75
2011.01.27 02:03:47.430,0.93845,0.93884,1.50,3.75
2011.01.27 02:03:47.648,0.93845,0.93881,1.50,3.75
2011.01.27 02:03:47.867,0.93845,0.93885,1.50,3.75
2011.01.27 02:03:48.198,0.93844,0.93883,1.50,3.75
2011.01.27 02:03:48.417,0.93844,0.93885,1.50,3.75
2011.01.27 02:03:48.988,0.93844,0.93883,1.50,2.25
2011.01.27 02:03:49.460,0.93844,0.93883,1.65,2.25
2011.01.27 02:03:50.338,0.9384,0.93876,1.58,3.75
2011.01.27 02:03:50.909,0.9384,0.93872,1.50,2.25
2011.01.27 02:03:51.127,0.93845,0.9388,1.50,3.75
2011.01.27 02:03:51.347,0.93845,0.93872,1.50,2.25
2011.01.27 02:03:53.007,0.93845,0.93881,1.50,3.75
2011.01.27 02:03:53.683,0.9384,0.93872,1.50,2.25
2011.01.27 02:03:53.798,0.9384,0.93877,1.50,3.75
2011.01.27 02:03:54.018,0.93845,0.93882,1.50,6.00
2011.01.27 02:03:54.728,0.93845,0.93883,1.50,3.75
2011.01.27 02:03:55.178,0.93845,0.93879,1.50,3.75
2011.01.27 02:03:55.744,0.93844,0.93877,1.50,3.75
2011.01.27 02:03:55.865,0.93844,0.93883,1.50,2.25
2011.01.27 02:03:56.089,0.93844,0.93877,1.50,3.75
2011.01.27 02:03:56.768,0.93844,0.9388,1.50,3.75
2011.01.27 02:03:56.877,0.93844,0.93878,1.50,3.75
2011.01.27 02:03:57.648,0.93844,0.93878,1.58,3.75
2011.01.27 02:03:58.811,0.93844,0.93878,1.50,3.75
2011.01.27 02:03:58.919,0.93844,0.93878,1.65,3.75
2011.01.27 02:03:59.028,0.93844,0.93883,1.65,6.00
2011.01.27 02:03:59.678,0.93844,0.93882,1.65,3.75
2011.01.27 02:04:00.582,0.93846,0.93883,1.65,2.25
2011.01.27 02:04:02.480,0.93844,0.93883,1.77,6.00
2011.01.27 02:04:04.224,0.93845,0.93882,1.77,2.25
2011.01.27 02:04:05.348,0.93854,0.93886,1.50,3.75
2011.01.27 02:04:05.757,0.93854,0.93886,1.58,3.75
2011.01.27 02:04:06.327,0.93854,0.93886,1.50,3.75
2011.01.27 02:04:08.457,0.93854,0.93887,1.50,3.75
2011.01.27 02:04:08.789,0.93854,0.93882,1.50,2.25
2011.01.27 02:04:09.440,0.93844,0.93879,1.58,3.75
2011.01.27 02:04:09.550,0.93844,0.93882,5.33,2.25
2011.01.27 02:04:10.771,0.93844,0.93882,5.25,2.25
2011.01.27 02:04:11.559,0.93845,0.93882,3.75,2.25
2011.01.27 02:04:12.107,0.93842,0.93882,3.90,2.25
2011.01.27 02:04:12.217,0.9384,0.93872,3.90,2.25
2011.01.27 02:04:12.458,0.93839,0.93872,3.75,2.25
2011.01.27 02:04:12.687,0.93841,0.93872,3.75,2.25
2011.01.27 02:04:13.485,0.9384,0.93872,3.75,2.25
2011.01.27 02:04:13.602,0.93838,0.93872,3.90,2.25
2011.01.27 02:04:13.769,0.9384,0.93872,3.75,2.25
2011.01.27 02:04:13.989,0.93838,0.93872,3.83,2.25
2011.01.27 02:04:15.869,0.93835,0.93872,1.50,2.25
2011.01.27 02:04:15.979,0.93831,0.93863,3.90,2.25
2011.01.27 02:04:16.197,0.93835,0.93872,3.75,2.25
2011.01.27 02:04:16.798,0.93835,0.93863,5.25,2.25
2011.01.27 02:04:17.437,0.93835,0.93872,5.33,2.25
2011.01.27 02:04:18.051,0.93837,0.93872,3.75,2.25
2011.01.27 02:04:18.607,0.93836,0.93872,3.75,2.25
2011.01.27 02:04:19.240,0.93835,0.93872,1.50,2.44
2011.01.27 02:04:19.354,0.9383,0.93868,5.33,1.50
2011.01.27 02:04:19.837,0.93835,0.93872,1.50,2.44
2011.01.27 02:04:20.462,0.93826,0.93864,1.65,3.75
2011.01.27 02:04:21.636,0.93826,0.93863,1.65,3.75
2011.01.27 02:04:22.710,0.93826,0.93863,4.28,3.75
2011.01.27 02:04:22.819,0.93832,0.93872,3.90,1.50
2011.01.27 02:04:23.148,0.93835,0.93872,1.50,2.25
2011.01.27 02:04:23.674,0.93831,0.93872,3.90,2.25
2011.01.27 02:04:24.240,0.93831,0.93872,3.83,2.25
2011.01.27 02:04:24.597,0.93827,0.93863,3.90,2.25
2011.01.27 02:04:31.410,0.93825,0.93863,13.35,2.25
2011.01.27 02:04:41.878,0.93827,0.93871,3.90,3.75
2011.01.27 02:04:42.467,0.93836,0.93872,3.75,3.75
2011.01.27 02:04:44.587,0.93836,0.93872,3.83,3.75
2011.01.27 02:04:45.201,0.93836,0.93872,3.75,3.75
2011.01.27 02:04:45.816,0.93835,0.93872,3.75,3.75
2011.01.27 02:04:46.977,0.93835,0.93872,3.75,3.94
2011.01.27 02:04:47.707,0.93832,0.93862,3.83,2.25
2011.01.27 02:04:48.583,0.93832,0.93862,3.83,2.25
2011.01.27 02:04:49.490,0.93826,0.93862,9.60,2.25
2011.01.27 02:04:53.459,0.93826,0.93862,13.58,2.25
2011.01.27 02:04:53.679,0.93833,0.93872,5.40,2.25
2011.01.27 02:04:54.947,0.9383,0.93871,4.05,1.50
2011.01.27 02:04:55.887,0.93834,0.93872,1.65,3.75
2011.01.27 02:04:58.867,0.93835,0.93872,3.75,2.25
2011.01.27 02:05:01.249,0.93835,0.93872,3.90,2.25
2011.01.27 02:05:01.357,0.93835,0.93872,3.75,2.25
2011.01.27 02:05:04.258,0.93835,0.93872,3.90,2.25
2011.01.27 02:05:05.680,0.93835,0.93872,3.90,2.25
2011.01.27 02:05:07.649,0.93835,0.93872,3.90,2.25
2011.01.27 02:05:08.648,0.93835,0.93872,3.83,2.25
2011.01.27 02:05:10.029,0.93834,0.93872,3.75,2.25
2011.01.27 02:05:16.238,0.93835,0.93872,3.75,2.25
2011.01.27 02:05:16.458,0.93834,0.9388,3.75,3.75
2011.01.27 02:05:16.960,0.93839,0.93883,3.75,3.75
2011.01.27 02:05:17.075,0.93837,0.93883,3.83,7.50
2011.01.27 02:05:17.188,0.93839,0.93883,3.75,7.50
2011.01.27 02:05:17.518,0.93841,0.93883,3.75,2.25
2011.01.27 02:05:17.847,0.93846,0.93883,3.75,2.25
2011.01.27 02:05:18.953,0.9383,0.93862,3.75,2.25
2011.01.27 02:05:25.109,0.93832,0.93862,3.75,2.25
2011.01.27 02:05:25.218,0.93832,0.93872,3.75,2.25
2011.01.27 02:05:28.036,0.93831,0.93872,3.75,2.25
2011.01.27 02:05:28.588,0.9383,0.93872,3.75,2.25
2011.01.27 02:05:30.481,0.93831,0.93872,3.75,2.25
2011.01.27 02:05:31.387,0.9383,0.93872,3.75,2.25
2011.01.27 02:05:42.979,0.9383,0.93873,3.75,2.25
2011.01.27 02:05:43.483,0.9383,0.93873,3.83,2.25
2011.01.27 02:05:47.441,0.9383,0.93873,3.75,2.25
2011.01.27 02:05:47.548,0.9383,0.93866,3.75,1.50
2011.01.27 02:05:47.878,0.93826,0.93863,1.50,2.25
2011.01.27 02:05:48.582,0.93826,0.93861,1.50,3.75
2011.01.27 02:05:49.320,0.93827,0.93863,3.90,2.25
2011.01.27 02:05:49.649,0.93827,0.93863,3.90,2.25
2011.01.27 02:05:51.915,0.93835,0.93863,1.50,2.25
2011.01.27 02:05:52.032,0.93835,0.93872,1.50,2.25
2011.01.27 02:05:53.757,0.93832,0.93862,3.75,2.25
2011.01.27 02:05:53.867,0.93827,0.93862,1.50,2.25
2011.01.27 02:05:54.449,0.93825,0.93862,1.50,2.25
2011.01.27 02:05:54.668,0.93827,0.93862,3.75,2.25
2011.01.27 02:05:55.199,0.93829,0.93862,3.75,2.25
2011.01.27 02:05:57.928,0.93827,0.93862,3.75,2.25
2011.01.27 02:05:58.147,0.93824,0.93862,1.50,2.25
2011.01.27 02:05:58.907,0.93826,0.93862,1.50,2.25
2011.01.27 02:05:59.481,0.93825,0.93862,1.50,2.25
2011.01.27 02:05:59.937,0.93827,0.93862,3.75,2.25
2011.01.27 02:06:03.047,0.93828,0.93862,3.75,2.25
2011.01.27 02:06:03.159,0.93823,0.93862,3.75,2.25
2011.01.27 02:06:03.269,0.93825,0.93852,3.75,2.25
2011.01.27 02:06:03.378,0.9382,0.93852,3.75,2.25
2011.01.27 02:06:03.955,0.93817,0.93852,5.25,2.25
2011.01.27 02:06:05.438,0.93819,0.93852,3.75,2.25
2011.01.27 02:06:07.772,0.9382,0.93852,3.75,2.25
2011.01.27 02:06:08.607,0.93819,0.93852,3.75,2.25
2011.01.27 02:06:09.660,0.93819,0.93852,3.94,2.25
2011.01.27 02:06:09.877,0.93819,0.93863,3.94,2.25
2011.01.27 02:06:10.406,0.93824,0.93863,3.75,2.25
2011.01.27 02:06:10.739,0.93818,0.93852,3.75,2.25
2011.01.27 02:06:11.357,0.93823,0.93863,3.75,2.25
2011.01.27 02:06:11.478,0.93817,0.93853,5.25,2.25
2011.01.27 02:06:13.399,0.93823,0.93862,3.75,2.25
2011.01.27 02:06:13.979,0.93818,0.93853,3.75,2.25
2011.01.27 02:06:14.198,0.93823,0.93862,3.75,2.25
2011.01.27 02:06:14.307,0.93823,0.93853,3.75,2.25
2011.01.27 02:06:14.418,0.93818,0.93853,5.25,2.25
2011.01.27 02:06:16.267,0.93818,0.93863,5.25,2.25
2011.01.27 02:06:16.378,0.93818,0.93853,3.75,2.25
2011.01.27 02:06:16.708,0.93822,0.93863,3.75,2.25
2011.01.27 02:06:17.353,0.93826,0.93863,1.50,2.25
2011.01.27 02:06:17.680,0.93828,0.93863,3.75,2.25
2011.01.27 02:06:22.618,0.93834,0.93863,3.75,2.25
2011.01.27 02:06:23.160,0.93834,0.93872,3.75,2.25
2011.01.27 02:06:25.497,0.93829,0.93872,3.75,2.25
2011.01.27 02:06:26.819,0.93837,0.93873,3.75,2.25
2011.01.27 02:06:29.267,0.93837,0.93872,3.75,2.25
2011.01.27 02:06:29.377,0.93835,0.93872,5.25,2.25
2011.01.27 02:06:29.598,0.93837,0.93872,3.75,2.25
2011.01.27 02:06:33.027,0.9384,0.93872,3.75,2.25
2011.01.27 02:06:33.529,0.9384,0.93882,3.75,2.25
2011.01.27 02:06:33.638,0.93845,0.93882,3.75,2.25
2011.01.27 02:06:33.967,0.93842,0.93882,3.75,2.25
2011.01.27 02:06:35.869,0.93838,0.93873,3.75,2.25
2011.01.27 02:06:37.788,0.93842,0.93883,3.75,2.25
2011.01.27 02:06:38.447,0.93842,0.93872,3.75,2.25
2011.01.27 02:06:38.557,0.93837,0.93872,3.75,2.25
2011.01.27 02:06:40.157,0.93842,0.93883,3.75,2.25
2011.01.27 02:06:40.379,0.93847,0.93882,3.75,2.25
2011.01.27 02:06:41.148,0.93846,0.93883,3.75,2.25
2011.01.27 02:06:41.637,0.93844,0.93882,1.50,2.25
2011.01.27 02:06:41.747,0.93842,0.93882,3.75,2.25
2011.01.27 02:06:42.307,0.93838,0.93882,3.75,2.25
2011.01.27 02:06:42.528,0.93836,0.93882,3.75,6.00
2011.01.27 02:06:43.061,0.93836,0.93872,3.75,2.25
2011.01.27 02:06:44.612,0.93836,0.93873,3.75,2.25
2011.01.27 02:06:45.763,0.93834,0.93873,1.50,2.25
2011.01.27 02:06:45.887,0.9383,0.93872,3.75,2.25
2011.01.27 02:06:46.571,0.9383,0.93873,3.75,2.25
2011.01.27 02:06:46.684,0.93832,0.93873,3.75,2.25
2011.01.27 02:06:47.018,0.93826,0.93863,3.75,2.25
2011.01.27 02:06:47.127,0.93824,0.93863,3.75,2.25
2011.01.27 02:06:48.222,0.93824,0.9387,3.75,3.75
2011.01.27 02:06:48.330,0.93827,0.93871,3.75,3.75
2011.01.27 02:06:53.208,0.93832,0.93872,3.75,2.25
2011.01.27 02:06:54.029,0.93832,0.93873,3.75,2.25
2011.01.27 02:06:56.438,0.93832,0.93873,3.90,2.25
2011.01.27 02:06:57.282,0.93832,0.93873,3.90,2.25
2011.01.27 02:06:57.450,0.93832,0.93873,3.90,2.25
2011.01.27 02:06:58.421,0.93832,0.93872,3.90,2.25
2011.01.27 02:06:58.531,0.93832,0.93872,3.90,2.25
2011.01.27 02:07:04.057,0.93834,0.93872,3.75,2.25
2011.01.27 02:07:05.374,0.93835,0.93872,3.75,2.25
2011.01.27 02:07:05.601,0.93833,0.93872,3.83,2.25
2011.01.27 02:07:06.238,0.93833,0.93872,3.83,2.25
2011.01.27 02:07:06.577,0.93833,0.93872,3.83,2.25
2011.01.27 02:07:20.635,0.93831,0.93872,3.75,2.25
2011.01.27 02:07:21.407,0.93833,0.93872,3.75,2.25
2011.01.27 02:07:27.684,0.93835,0.93872,3.75,2.25
2011.01.27 02:07:27.799,0.93826,0.93866,1.58,3.75
2011.01.27 02:07:28.129,0.93826,0.93871,1.77,3.75
2011.01.27 02:07:28.239,0.93835,0.93871,1.50,3.75
2011.01.27 02:07:28.599,0.93835,0.93871,1.58,3.75
2011.01.27 02:07:28.819,0.93828,0.93871,1.05,3.75
2011.01.27 02:07:28.929,0.93827,0.93871,2.59,3.75
2011.01.27 02:07:29.469,0.93827,0.9387,4.65,3.75
2011.01.27 02:07:29.580,0.93827,0.9387,1.84,3.75
2011.01.27 02:07:29.687,0.93835,0.9387,1.50,3.75
2011.01.27 02:07:30.740,0.93835,0.9387,1.77,3.75
2011.01.27 02:07:30.848,0.93835,0.93876,1.77,3.75
2011.01.27 02:07:30.960,0.93834,0.93876,2.44,3.75
2011.01.27 02:07:31.680,0.93828,0.93869,1.65,3.75
2011.01.27 02:07:31.791,0.93828,0.93867,1.65,3.75
2011.01.27 02:07:32.718,0.93828,0.93867,1.65,4.50
2011.01.27 02:07:33.366,0.93817,0.93852,4.17,2.25
2011.01.27 02:07:33.484,0.93816,0.93852,1.58,6.00
2011.01.27 02:07:34.591,0.93816,0.93852,1.58,6.00
2011.01.27 02:07:35.360,0.93816,0.93852,1.58,6.00
2011.01.27 02:07:35.868,0.93816,0.93852,1.50,6.00
2011.01.27 02:07:36.456,0.93816,0.93852,1.58,6.00
2011.01.27 02:07:37.110,0.93828,0.93852,1.50,2.25
2011.01.27 02:07:37.622,0.93828,0.93862,1.50,3.75
2011.01.27 02:07:37.731,0.93834,0.93865,1.50,3.75
2011.01.27 02:07:38.097,0.93834,0.93868,1.50,3.75
2011.01.27 02:07:39.538,0.93834,0.9387,1.50,3.75
2011.01.27 02:07:39.759,0.93834,0.93869,1.50,3.75
2011.01.27 02:07:39.868,0.93834,0.93867,1.50,3.75
2011.01.27 02:07:40.502,0.93834,0.93874,1.50,3.75
2011.01.27 02:07:41.447,0.93834,0.93875,1.50,3.75
2011.01.27 02:07:42.731,0.93834,0.93875,1.58,3.75
2011.01.27 02:07:43.410,0.93834,0.93876,1.58,3.75
2011.01.27 02:07:44.534,0.93834,0.93876,1.50,3.75
2011.01.27 02:07:50.296,0.93834,0.93876,1.65,3.75
2011.01.27 02:07:50.408,0.93834,0.93876,1.50,3.75
2011.01.27 02:07:50.518,0.93834,0.93876,1.58,3.75
2011.01.27 02:07:52.004,0.93834,0.93876,1.50,3.75
2011.01.27 02:07:56.018,0.93834,0.9387,1.50,3.75
2011.01.27 02:07:56.749,0.93835,0.9387,1.58,3.75
2011.01.27 02:07:58.409,0.93835,0.9387,1.50,3.75
2011.01.27 02:07:58.518,0.93835,0.9387,1.58,3.75
2011.01.27 02:07:59.473,0.93827,0.93862,1.58,2.25
2011.01.27 02:08:00.161,0.93827,0.93862,1.50,2.25
2011.01.27 02:08:00.822,0.93826,0.93862,1.50,2.25
2011.01.27 02:08:00.940,0.93819,0.93862,2.52,2.25
2011.01.27 02:08:01.048,0.93819,0.93859,1.77,3.75
2011.01.27 02:08:01.378,0.93819,0.93854,1.77,3.75
2011.01.27 02:08:02.750,0.93825,0.93857,1.50,3.75
2011.01.27 02:08:04.437,0.93825,0.93862,1.50,2.25
2011.01.27 02:08:05.105,0.9382,0.93862,3.75,2.25
2011.01.27 02:08:05.218,0.93818,0.93854,1.77,3.75
2011.01.27 02:08:05.768,0.93818,0.93857,1.84,3.75
2011.01.27 02:08:05.878,0.93825,0.93858,1.50,3.75
2011.01.27 02:08:08.379,0.93825,0.93854,1.50,3.75
2011.01.27 02:08:08.487,0.93819,0.93854,1.69,3.75
2011.01.27 02:08:12.767,0.93817,0.93853,1.84,3.75
2011.01.27 02:08:13.299,0.93816,0.93853,1.50,3.75
2011.01.27 02:08:13.834,0.93816,0.93852,1.50,2.25
2011.01.27 02:08:15.010,0.93826,0.93853,1.50,3.75
2011.01.27 02:08:15.118,0.93826,0.93857,1.50,3.75
2011.01.27 02:08:16.246,0.93819,0.93856,1.69,3.75
2011.01.27 02:08:16.469,0.93819,0.93854,1.69,3.75
2011.01.27 02:08:16.799,0.93818,0.9386,1.84,3.75
2011.01.27 02:08:17.376,0.93818,0.93861,1.84,3.75
2011.01.27 02:08:17.492,0.93826,0.93872,4.50,6.00
2011.01.27 02:08:18.055,0.93827,0.93873,4.69,3.75
2011.01.27 02:08:18.279,0.93827,0.93871,4.77,3.75
2011.01.27 02:08:18.842,0.93826,0.9387,6.19,3.75
2011.01.27 02:08:19.057,0.93828,0.93872,4.69,3.75
2011.01.27 02:08:19.587,0.93827,0.93871,4.84,3.75
2011.01.27 02:08:19.697,0.93835,0.93871,1.50,3.75
2011.01.27 02:08:19.918,0.93834,0.93873,1.50,2.25
2011.01.27 02:08:24.278,0.93834,0.93873,1.58,2.25
2011.01.27 02:08:24.841,0.93834,0.93873,1.50,2.25
2011.01.27 02:08:24.949,0.93834,0.93873,1.58,2.25
2011.01.27 02:08:25.318,0.93834,0.93873,1.50,2.25
2011.01.27 02:08:25.650,0.93827,0.9386,2.25,3.75
2011.01.27 02:08:25.979,0.93827,0.93853,1.50,2.25
2011.01.27 02:08:26.087,0.93817,0.93853,1.77,2.25
2011.01.27 02:08:26.716,0.93817,0.93854,1.77,3.75
2011.01.27 02:08:27.997,0.93817,0.9386,1.84,3.75
2011.01.27 02:08:29.190,0.93816,0.93842,1.65,2.25
2011.01.27 02:08:29.305,0.93807,0.93842,1.80,2.25
2011.01.27 02:08:29.910,0.93807,0.93842,1.65,2.25
2011.01.27 02:08:30.523,0.93806,0.93842,1.58,2.25
2011.01.27 02:08:30.899,0.93806,0.93832,1.58,2.25
2011.01.27 02:08:31.424,0.93801,0.93832,1.65,2.25
2011.01.27 02:08:31.758,0.93805,0.93833,3.75,2.25
2011.01.27 02:08:32.472,0.93803,0.93833,3.75,2.25
2011.01.27 02:08:33.401,0.93798,0.93833,3.83,2.25
2011.01.27 02:08:33.729,0.93796,0.93833,3.75,2.25
2011.01.27 02:08:33.838,0.93796,0.93833,3.83,2.25
2011.01.27 02:08:34.848,0.93797,0.93833,3.75,2.25
2011.01.27 02:08:35.542,0.93797,0.93832,3.75,2.25
2011.01.27 02:08:35.649,0.93795,0.93832,3.75,2.25
2011.01.27 02:08:36.241,0.93795,0.93832,3.83,2.25
2011.01.27 02:08:37.859,0.93802,0.93832,3.75,2.25
2011.01.27 02:08:38.759,0.93802,0.93822,3.75,2.25
2011.01.27 02:08:38.868,0.93797,0.93822,1.50,2.25
2011.01.27 02:08:39.440,0.93792,0.93822,3.75,2.25
2011.01.27 02:08:40.139,0.93794,0.93832,3.75,2.25
2011.01.27 02:08:40.801,0.93802,0.93832,3.75,2.25
2011.01.27 02:08:43.252,0.93796,0.93832,3.75,2.25
2011.01.27 02:08:44.489,0.93796,0.93822,3.75,2.25
2011.01.27 02:08:44.709,0.93791,0.93822,3.75,2.25
2011.01.27 02:08:45.269,0.93791,0.93822,3.90,2.25
2011.01.27 02:08:46.611,0.93791,0.93822,3.90,2.25
2011.01.27 02:08:46.828,0.93799,0.93822,3.75,2.25
2011.01.27 02:08:46.939,0.93801,0.93832,3.75,2.25
2011.01.27 02:08:47.890,0.93796,0.93832,3.75,2.25
2011.01.27 02:08:48.439,0.93793,0.93832,3.75,2.25
2011.01.27 02:08:49.014,0.93793,0.93823,3.75,2.25
2011.01.27 02:08:49.131,0.93789,0.93823,3.75,2.25
2011.01.27 02:08:49.999,0.93791,0.93822,3.75,2.25
2011.01.27 02:08:50.575,0.93791,0.93822,3.83,2.25
2011.01.27 02:08:50.694,0.93791,0.93822,3.75,2.25
2011.01.27 02:08:53.150,0.93791,0.93823,3.83,2.25
2011.01.27 02:08:54.236,0.93791,0.93822,3.83,2.25
2011.01.27 02:08:54.352,0.93788,0.93822,3.75,2.25
2011.01.27 02:08:54.460,0.93788,0.93822,3.83,2.25
2011.01.27 02:08:54.899,0.93789,0.93823,3.75,2.25
2011.01.27 02:08:55.012,0.93789,0.93833,3.75,6.00
2011.01.27 02:08:55.228,0.93792,0.93833,3.75,2.25
2011.01.27 02:08:56.243,0.93788,0.93823,3.75,2.25
2011.01.27 02:08:56.469,0.93785,0.93823,3.75,2.25
2011.01.27 02:08:56.579,0.93785,0.93812,3.75,2.25
2011.01.27 02:08:57.860,0.93784,0.93812,3.75,2.25
2011.01.27 02:08:57.973,0.93791,0.93822,3.75,2.25
2011.01.27 02:08:58.444,0.93791,0.93822,3.83,2.25
2011.01.27 02:08:59.105,0.93793,0.93832,3.83,2.25
2011.01.27 02:08:59.331,0.93785,0.93822,3.90,2.25
2011.01.27 02:08:59.439,0.93785,0.93823,3.90,2.25
2011.01.27 02:09:00.238,0.93784,0.93812,3.90,2.25
2011.01.27 02:09:01.608,0.93784,0.93812,3.75,2.25
2011.01.27 02:09:01.833,0.93793,0.93812,3.75,2.25
2011.01.27 02:09:02.388,0.93793,0.93823,3.75,2.25
2011.01.27 02:09:02.500,0.93799,0.93823,3.75,2.25
2011.01.27 02:09:03.584,0.93798,0.93833,3.75,2.25
2011.01.27 02:09:03.693,0.93779,0.93812,1.50,2.25
2011.01.27 02:09:04.629,0.93771,0.93812,4.02,2.25
2011.01.27 02:09:04.919,0.93771,0.93812,9.72,2.25
2011.01.27 02:09:06.232,0.93782,0.93812,3.75,2.25
2011.01.27 02:09:07.089,0.93782,0.93803,3.75,2.25
2011.01.27 02:09:07.660,0.93782,0.93812,3.75,2.25
2011.01.27 02:09:07.879,0.93784,0.93812,3.75,2.25
2011.01.27 02:09:08.393,0.93784,0.93813,3.75,1.50
2011.01.27 02:09:08.730,0.9378,0.93803,3.83,1.50
2011.01.27 02:09:09.269,0.93778,0.93813,3.83,1.50
2011.01.27 02:09:09.385,0.93769,0.93802,1.58,2.25
2011.01.27 02:09:09.499,0.93769,0.93802,1.50,2.25
2011.01.27 02:09:10.758,0.93769,0.93793,1.50,2.25
2011.01.27 02:09:11.199,0.93759,0.93793,1.58,2.25
2011.01.27 02:09:11.780,0.9376,0.93792,1.58,2.25
2011.01.27 02:09:12.249,0.9376,0.93792,1.50,2.25
2011.01.27 02:09:12.939,0.93759,0.93792,1.65,2.25
2011.01.27 02:09:13.248,0.93759,0.938,1.58,3.75
2011.01.27 02:09:13.359,0.93768,0.93798,1.50,3.75
2011.01.27 02:09:14.097,0.93768,0.93803,1.58,2.25
2011.01.27 02:09:15.199,0.93768,0.93801,1.50,3.75
2011.01.27 02:09:15.794,0.9376,0.93793,1.84,2.25
2011.01.27 02:09:16.020,0.9376,0.93801,1.84,3.75
2011.01.27 02:09:16.288,0.93768,0.93802,3.90,2.25
2011.01.27 02:09:17.283,0.93759,0.93793,1.58,2.25
2011.01.27 02:09:17.399,0.9376,0.93799,1.58,3.75
2011.01.27 02:09:17.509,0.9376,0.93801,1.50,3.75
2011.01.27 02:09:17.618,0.9376,0.93792,1.50,2.25
2011.01.27 02:09:18.109,0.9376,0.93801,1.50,3.75
2011.01.27 02:09:18.223,0.93766,0.93802,3.83,2.25
2011.01.27 02:09:18.847,0.93776,0.93802,3.75,2.25
2011.01.27 02:09:19.452,0.93775,0.93802,3.75,2.25
2011.01.27 02:09:19.779,0.93773,0.93792,3.75,2.25
2011.01.27 02:09:21.970,0.93771,0.93792,3.75,2.25
2011.01.27 02:09:22.487,0.93772,0.93792,3.75,2.25
2011.01.27 02:09:22.597,0.9377,0.93792,3.75,2.25
2011.01.27 02:09:23.100,0.93773,0.93792,3.75,2.25
2011.01.27 02:09:23.639,0.9377,0.93792,3.75,2.25
2011.01.27 02:09:25.860,0.93767,0.93792,3.75,2.25
2011.01.27 02:09:28.059,0.93777,0.93803,3.75,2.25
2011.01.27 02:09:30.093,0.93779,0.93803,3.75,2.25
2011.01.27 02:09:30.730,0.93784,0.93813,3.75,2.25
2011.01.27 02:09:31.759,0.93785,0.93813,3.75,2.25
2011.01.27 02:09:32.347,0.93785,0.93803,3.75,2.25
2011.01.27 02:09:32.458,0.93781,0.93803,3.75,2.25
2011.01.27 02:09:33.578,0.93781,0.93812,3.75,2.25
2011.01.27 02:09:34.221,0.9378,0.93812,3.75,2.25
2011.01.27 02:09:40.597,0.93785,0.93812,3.75,2.25
2011.01.27 02:09:43.131,0.9378,0.93812,3.75,2.25
2011.01.27 02:09:43.239,0.9378,0.93802,3.75,2.25
2011.01.27 02:09:46.171,0.93776,0.93802,3.75,2.25
2011.01.27 02:09:46.608,0.9378,0.93803,3.75,2.25
2011.01.27 02:09:55.052,0.93783,0.93803,3.75,2.25
2011.01.27 02:09:55.159,0.93783,0.93809,3.75,1.50
2011.01.27 02:09:55.269,0.93783,0.93812,3.75,2.25
2011.01.27 02:09:58.650,0.93781,0.93812,3.75,2.25
2011.01.27 02:09:58.868,0.93781,0.93803,3.75,2.25
2011.01.27 02:10:01.878,0.93784,0.93813,3.75,2.25
2011.01.27 02:10:03.062,0.93785,0.93813,3.75,2.25
2011.01.27 02:10:03.171,0.93781,0.93812,3.75,2.25
2011.01.27 02:10:03.609,0.93779,0.93812,3.75,2.25
2011.01.27 02:10:03.770,0.93781,0.93812,3.75,2.25
2011.01.27 02:10:04.506,0.9378,0.93812,3.75,2.25
2011.01.27 02:10:05.208,0.93783,0.93812,3.75,2.25
2011.01.27 02:10:05.759,0.93784,0.93812,3.75,2.25
2011.01.27 02:10:07.068,0.93781,0.93812,3.75,2.25
2011.01.27 02:10:07.617,0.9378,0.93812,3.75,2.25
2011.01.27 02:10:07.728,0.93778,0.93812,3.75,2.25
2011.01.27 02:10:10.249,0.93776,0.93812,3.75,2.25
2011.01.27 02:10:10.860,0.93779,0.93812,3.75,2.25
2011.01.27 02:10:10.969,0.93776,0.93813,3.75,2.25
2011.01.27 02:10:11.078,0.93776,0.93813,3.75,3.19
2011.01.27 02:10:11.629,0.93775,0.93803,3.75,2.25
2011.01.27 02:10:12.202,0.93774,0.93803,3.75,2.25
2011.01.27 02:10:12.784,0.93775,0.93803,3.75,2.25
2011.01.27 02:10:13.290,0.93774,0.93803,3.75,2.25
2011.01.27 02:10:13.810,0.93765,0.93799,3.75,1.50
2011.01.27 02:10:13.923,0.93765,0.93793,3.75,2.25
2011.01.27 02:10:14.624,0.93767,0.93793,3.75,2.25
2011.01.27 02:10:14.734,0.93763,0.93793,3.75,2.25
2011.01.27 02:10:14.849,0.93759,0.93793,3.75,2.25
2011.01.27 02:10:15.860,0.93763,0.93793,3.75,2.25
2011.01.27 02:10:16.080,0.93758,0.93793,3.75,2.25
2011.01.27 02:10:16.299,0.93763,0.93793,3.75,2.25
2011.01.27 02:10:16.518,0.93753,0.93792,3.75,2.25
2011.01.27 02:10:17.878,0.93752,0.93792,3.83,2.25
2011.01.27 02:10:18.493,0.93748,0.93792,3.90,2.25
2011.01.27 02:10:19.229,0.93748,0.93789,3.83,1.50
2011.01.27 02:10:19.833,0.93744,0.93788,4.58,3.75
2011.01.27 02:10:19.947,0.93746,0.93792,3.90,6.00
2011.01.27 02:10:20.169,0.93749,0.93792,1.50,2.25
2011.01.27 02:10:20.782,0.93753,0.93793,3.75,2.25
2011.01.27 02:10:21.921,0.93753,0.93792,3.75,2.25
2011.01.27 02:10:22.831,0.93752,0.93789,3.75,1.50
2011.01.27 02:10:22.943,0.93754,0.93792,3.75,2.25
2011.01.27 02:10:23.062,0.93754,0.93788,3.75,1.50
2011.01.27 02:10:23.749,0.93751,0.93793,5.25,2.25
2011.01.27 02:10:23.861,0.93753,0.93793,3.75,2.25
2011.01.27 02:10:24.519,0.93751,0.93793,3.75,2.25
2011.01.27 02:10:26.348,0.93753,0.93793,3.75,2.25
2011.01.27 02:10:26.871,0.93752,0.93792,3.75,2.25
2011.01.27 02:10:29.379,0.93753,0.93792,3.75,2.25
2011.01.27 02:10:29.490,0.93751,0.93792,3.75,2.25
2011.01.27 02:10:30.608,0.93751,0.93792,5.25,3.00
2011.01.27 02:10:31.415,0.93751,0.93792,5.25,2.25
2011.01.27 02:10:31.532,0.93753,0.93792,3.75,2.25
2011.01.27 02:10:34.221,0.93752,0.93792,3.75,2.25
2011.01.27 02:10:35.842,0.93752,0.93793,3.75,2.25
2011.01.27 02:10:37.019,0.93754,0.93793,3.75,2.25
2011.01.27 02:10:37.398,0.93752,0.93793,3.75,2.25
2011.01.27 02:10:38.719,0.9375,0.93792,1.50,2.25
2011.01.27 02:10:40.438,0.93749,0.93792,3.75,2.25
2011.01.27 02:10:41.332,0.93747,0.93792,3.75,3.00
2011.01.27 02:10:41.550,0.93743,0.93782,3.75,2.25
2011.01.27 02:10:43.271,0.93743,0.93782,4.50,2.25
2011.01.27 02:10:43.806,0.93753,0.93782,3.75,2.25
2011.01.27 02:10:43.924,0.93753,0.93793,3.75,2.25
2011.01.27 02:10:46.120,0.93745,0.93782,3.75,2.25
2011.01.27 02:10:46.450,0.93741,0.93772,1.50,2.25
2011.01.27 02:10:47.067,0.93742,0.93783,3.75,2.25
2011.01.27 02:10:47.183,0.9374,0.93783,3.75,2.25
2011.01.27 02:10:47.627,0.93738,0.93783,3.75,2.25
2011.01.27 02:10:48.341,0.93738,0.9378,3.75,1.50
2011.01.27 02:10:48.450,0.93729,0.93773,3.75,2.25
2011.01.27 02:10:50.202,0.93735,0.93772,3.75,2.25
2011.01.27 02:10:52.360,0.93734,0.9378,3.75,5.25
2011.01.27 02:10:54.663,0.93734,0.93772,3.75,2.25
2011.01.27 02:10:55.098,0.93738,0.93772,3.75,2.25
2011.01.27 02:10:55.830,0.93738,0.93782,3.75,6.00
2011.01.27 02:10:56.649,0.93732,0.93776,5.59,3.75
2011.01.27 02:10:57.295,0.93735,0.93772,3.75,2.25
2011.01.27 02:10:57.408,0.93735,0.93778,3.75,1.50
2011.01.27 02:10:57.628,0.93731,0.93775,3.75,3.75
2011.01.27 02:10:58.219,0.93735,0.93781,3.75,4.50
2011.01.27 02:10:58.770,0.93732,0.93776,3.75,3.75
2011.01.27 02:10:59.391,0.93732,0.93772,3.75,2.25
2011.01.27 02:11:00.681,0.93732,0.93776,3.75,3.75
2011.01.27 02:11:00.932,0.93732,0.93778,3.75,3.75
2011.01.27 02:11:01.269,0.93739,0.93779,3.75,1.50
2011.01.27 02:11:01.850,0.93735,0.93779,3.83,5.25
2011.01.27 02:11:02.970,0.93735,0.93781,3.83,3.75
2011.01.27 02:11:03.672,0.93735,0.93781,3.75,3.75
2011.01.27 02:11:03.778,0.93737,0.93781,3.75,3.75
2011.01.27 02:11:04.718,0.93735,0.93781,3.83,3.75
2011.01.27 02:11:05.279,0.93736,0.9378,3.83,3.75
2011.01.27 02:11:05.388,0.93741,0.93785,3.75,3.75
2011.01.27 02:11:05.829,0.93741,0.93785,5.33,3.75
2011.01.27 02:11:06.605,0.93741,0.93785,5.40,3.75
2011.01.27 02:11:06.938,0.93743,0.93788,3.75,1.50
2011.01.27 02:11:07.328,0.93745,0.93788,3.75,1.50
2011.01.27 02:11:07.438,0.93745,0.93791,3.75,3.75
2011.01.27 02:11:08.093,0.93751,0.93797,3.75,3.75
2011.01.27 02:11:09.510,0.93751,0.93797,3.90,3.75
2011.01.27 02:11:10.048,0.93751,0.93797,3.83,3.75
2011.01.27 02:11:10.969,0.93753,0.93797,3.75,3.75
2011.01.27 02:11:11.082,0.93751,0.93797,5.25,3.75
2011.01.27 02:11:12.630,0.93753,0.93799,3.75,3.75
2011.01.27 02:11:12.959,0.93753,0.93799,4.02,3.75
2011.01.27 02:11:13.068,0.93756,0.93802,3.94,5.25
2011.01.27 02:11:13.178,0.93754,0.938,3.94,3.75
2011.01.27 02:11:13.806,0.93757,0.938,2.25,3.75
2011.01.27 02:11:13.922,0.93763,0.93809,3.75,3.75
2011.01.27 02:11:14.248,0.93761,0.93807,3.75,3.75
2011.01.27 02:11:14.579,0.93765,0.93809,3.75,3.75
2011.01.27 02:11:15.228,0.93766,0.93812,3.75,6.00
2011.01.27 02:11:15.336,0.93762,0.93806,3.75,3.75
2011.01.27 02:11:15.451,0.93765,0.93811,3.75,3.75
2011.01.27 02:11:16.160,0.93767,0.93811,3.75,3.75
2011.01.27 02:11:16.379,0.93762,0.93808,3.75,3.75
2011.01.27 02:11:17.201,0.93754,0.938,3.75,3.75
2011.01.27 02:11:17.529,0.93759,0.93805,3.75,3.75
2011.01.27 02:11:18.289,0.93762,0.93806,3.75,4.50
2011.01.27 02:11:19.228,0.93763,0.93807,3.75,4.50
2011.01.27 02:11:21.189,0.93762,0.93806,3.75,3.75
2011.01.27 02:11:21.989,0.93763,0.93807,3.75,4.50
2011.01.27 02:11:22.099,0.93761,0.93807,3.75,4.50
2011.01.27 02:11:22.461,0.93761,0.93807,3.90,4.50
2011.01.27 02:11:26.499,0.93761,0.93807,3.83,3.75
2011.01.27 02:11:26.828,0.93769,0.93813,3.75,5.25
2011.01.27 02:11:27.267,0.93771,0.93815,3.75,3.75
2011.01.27 02:11:29.029,0.93771,0.93815,3.83,3.75
2011.01.27 02:11:29.139,0.93771,0.93817,3.83,6.00
2011.01.27 02:11:29.821,0.93769,0.93812,1.50,2.25
2011.01.27 02:11:29.933,0.93765,0.93809,3.75,3.75
2011.01.27 02:11:30.042,0.93769,0.93813,1.50,3.75
2011.01.27 02:11:30.633,0.93771,0.93815,3.75,3.75
2011.01.27 02:11:30.742,0.93771,0.93817,3.75,6.00
2011.01.27 02:11:33.059,0.93769,0.93815,5.25,3.75
2011.01.27 02:11:33.707,0.93771,0.93815,3.75,3.75
2011.01.27 02:11:34.139,0.93772,0.93816,3.94,3.75
2011.01.27 02:11:34.843,0.93781,0.93822,3.75,2.25
2011.01.27 02:11:34.953,0.93781,0.93825,3.75,3.75
2011.01.27 02:11:35.569,0.93781,0.93825,4.69,3.75
2011.01.27 02:11:36.190,0.93783,0.93829,4.69,3.75
2011.01.27 02:11:36.306,0.93785,0.93831,3.75,3.75
2011.01.27 02:11:36.638,0.93784,0.9383,4.50,3.75
2011.01.27 02:11:37.217,0.93789,0.93834,4.69,1.50
2011.01.27 02:11:37.330,0.93789,0.93834,4.69,1.50
2011.01.27 02:11:37.769,0.93796,0.9384,3.75,3.75
2011.01.27 02:11:38.559,0.93793,0.93837,4.50,3.75
2011.01.27 02:11:38.670,0.93793,0.93839,4.50,3.75
2011.01.27 02:11:40.411,0.93787,0.93833,4.50,3.75
2011.01.27 02:11:40.984,0.93788,0.93834,4.50,3.75
2011.01.27 02:11:41.709,0.93791,0.93836,4.50,1.50
2011.01.27 02:11:43.108,0.93791,0.93836,4.50,1.50
2011.01.27 02:11:43.218,0.93794,0.93838,3.75,3.75
2011.01.27 02:11:44.424,0.93797,0.93837,5.25,1.50
2011.01.27 02:11:44.544,0.93793,0.93836,4.50,1.50
2011.01.27 02:11:45.144,0.93789,0.93835,4.50,3.75
2011.01.27 02:11:48.188,0.93788,0.93832,4.50,3.75
2011.01.27 02:11:49.457,0.93793,0.93837,4.50,1.50
2011.01.27 02:11:50.065,0.93792,0.93836,4.50,3.75
2011.01.27 02:11:53.860,0.93797,0.93841,4.50,3.75
2011.01.27 02:11:54.188,0.93792,0.93836,4.50,5.25
2011.01.27 02:11:55.988,0.93791,0.93837,4.50,3.75
2011.01.27 02:11:56.428,0.93795,0.93841,3.75,3.75
2011.01.27 02:11:57.869,0.93791,0.93836,4.50,1.50
2011.01.27 02:12:02.292,0.93788,0.93826,4.50,1.50
2011.01.27 02:12:02.398,0.93785,0.93826,3.75,1.50
2011.01.27 02:12:03.009,0.93783,0.93827,4.50,5.25
2011.01.27 02:12:03.578,0.93783,0.93827,4.50,5.25
2011.01.27 02:12:04.261,0.9379,0.93834,3.75,1.50
2011.01.27 02:12:04.369,0.9379,0.93836,3.75,5.25
2011.01.27 02:12:04.918,0.93791,0.93836,4.50,1.50
2011.01.27 02:12:11.597,0.93802,0.93836,3.75,1.50
2011.01.27 02:12:12.869,0.93791,0.93836,4.50,1.50
2011.01.27 02:12:13.482,0.93785,0.93831,3.75,3.75
2011.01.27 02:12:15.002,0.93791,0.93835,3.75,3.75
2011.01.27 02:12:15.593,0.93787,0.93827,3.75,1.50
2011.01.27 02:12:15.710,0.9378,0.93825,2.33,3.75
2011.01.27 02:12:15.930,0.93787,0.93827,1.50,5.25
2011.01.27 02:12:16.617,0.93781,0.93823,2.40,3.75
2011.01.27 02:12:17.148,0.93781,0.93824,2.40,3.75
2011.01.27 02:12:18.082,0.93788,0.93826,2.25,1.50
2011.01.27 02:12:21.259,0.93797,0.93835,2.25,1.50
2011.01.27 02:12:21.492,0.9379,0.93834,4.69,3.75
2011.01.27 02:12:21.601,0.93796,0.93835,3.75,1.50
2011.01.27 02:12:22.171,0.93797,0.93835,2.25,1.50
2011.01.27 02:12:24.600,0.93799,0.93845,4.69,3.75
2011.01.27 02:12:25.361,0.93806,0.93846,2.25,1.50
2011.01.27 02:12:25.474,0.93799,0.93839,1.69,1.50
2011.01.27 02:12:25.700,0.93804,0.93842,2.44,1.50
2011.01.27 02:12:26.544,0.93806,0.93846,2.25,1.50
2011.01.27 02:12:27.938,0.93806,0.93844,2.25,3.75
2011.01.27 02:12:30.119,0.93804,0.93845,4.58,1.50
2011.01.27 02:12:30.826,0.93807,0.93845,2.33,1.50
2011.01.27 02:12:31.854,0.93799,0.93844,1.09,3.75
2011.01.27 02:12:32.529,0.93802,0.93844,1.02,3.75
2011.01.27 02:12:32.638,0.93806,0.93846,2.25,1.50
2011.01.27 02:12:33.600,0.93808,0.93854,4.50,5.25
2011.01.27 02:12:35.988,0.93809,0.93853,4.58,3.75
2011.01.27 02:12:38.468,0.93807,0.93845,2.33,1.50
2011.01.27 02:12:44.459,0.93816,0.93852,1.50,3.75
2011.01.27 02:12:45.561,0.93816,0.93854,2.25,1.50
2011.01.27 02:12:46.381,0.93808,0.93852,4.84,3.75
2011.01.27 02:12:46.961,0.93811,0.93857,4.69,3.75
2011.01.27 02:12:47.071,0.93807,0.93849,2.52,1.50
2011.01.27 02:12:47.666,0.93807,0.9385,2.33,3.75
2011.01.27 02:12:47.888,0.93798,0.93844,4.65,3.75
2011.01.27 02:12:48.108,0.93796,0.93833,2.33,3.75
2011.01.27 02:12:49.160,0.93796,0.93842,14.03,3.75
2011.01.27 02:12:49.628,0.93796,0.93838,2.25,3.75
2011.01.27 02:12:49.959,0.93792,0.93838,4.58,3.75
2011.01.27 02:12:50.558,0.9379,0.93836,6.08,3.75
2011.01.27 02:12:51.260,0.93797,0.93839,2.40,5.25
2011.01.27 02:12:52.847,0.93796,0.93836,2.40,1.50
2011.01.27 02:12:57.090,0.9379,0.93833,2.33,3.75
2011.01.27 02:12:57.420,0.93788,0.93826,2.33,1.50
2011.01.27 02:12:57.638,0.93788,0.93826,2.33,1.50
2011.01.27 02:12:59.280,0.93788,0.93826,2.33,1.50
2011.01.27 02:12:59.388,0.93791,0.93831,2.33,1.50
2011.01.27 02:12:59.499,0.93791,0.93831,2.33,1.69
2011.01.27 02:13:00.161,0.93787,0.93827,2.33,1.50
2011.01.27 02:13:06.538,0.93787,0.93825,2.40,1.50
2011.01.27 02:13:09.878,0.93787,0.93825,2.25,1.50
2011.01.27 02:13:10.990,0.93781,0.93826,4.58,1.69
2011.01.27 02:13:11.660,0.93789,0.93826,3.75,1.69
2011.01.27 02:13:13.101,0.93785,0.93826,4.65,1.50
2011.01.27 02:13:13.210,0.93788,0.93828,2.55,1.50
2011.01.27 02:13:13.853,0.93799,0.93828,3.75,1.50
2011.01.27 02:13:13.962,0.93794,0.93826,3.75,1.50
2011.01.27 02:13:17.172,0.93802,0.93835,3.75,1.50
2011.01.27 02:13:17.279,0.93799,0.93835,3.75,1.50
2011.01.27 02:13:25.020,0.93798,0.93835,3.75,1.50
2011.01.27 02:13:45.404,0.93798,0.93836,3.75,1.69
2011.01.27 02:13:46.065,0.93798,0.93835,3.75,1.50
2011.01.27 02:13:51.099,0.93794,0.93826,3.75,1.50
2011.01.27 02:13:51.319,0.93798,0.93835,3.75,1.50
2011.01.27 02:13:51.843,0.93799,0.93835,3.75,1.50
2011.01.27 02:13:59.498,0.93794,0.93835,3.75,1.50
2011.01.27 02:13:59.718,0.93794,0.93826,3.75,1.50
2011.01.27 02:14:03.728,0.93797,0.93826,3.75,1.50
2011.01.27 02:14:03.948,0.93798,0.93835,3.75,1.50
2011.01.27 02:14:08.672,0.93798,0.93836,3.75,1.69
2011.01.27 02:14:08.780,0.93804,0.93836,3.75,1.50
2011.01.27 02:14:15.618,0.93808,0.93846,3.75,2.25
2011.01.27 02:14:16.408,0.93797,0.93841,5.40,3.75
2011.01.27 02:14:19.800,0.93797,0.93841,5.33,3.75
2011.01.27 02:14:20.138,0.93797,0.93839,1.50,3.75
2011.01.27 02:14:20.248,0.93795,0.93839,3.75,3.75
2011.01.27 02:14:20.949,0.93791,0.93837,5.33,3.75
2011.01.27 02:14:21.419,0.93791,0.93837,5.25,3.75
2011.01.27 02:14:22.473,0.93791,0.93837,5.40,3.75
2011.01.27 02:14:23.269,0.93791,0.93837,5.33,3.75
2011.01.27 02:14:23.385,0.93791,0.93837,5.40,3.75
2011.01.27 02:14:23.720,0.93803,0.93845,3.75,1.50
2011.01.27 02:14:23.829,0.93793,0.93839,3.83,3.75
2011.01.27 02:14:24.488,0.93793,0.93837,3.83,3.75
2011.01.27 02:14:25.429,0.93792,0.93836,3.83,3.75
2011.01.27 02:14:28.718,0.93792,0.93836,3.90,3.75
2011.01.27 02:14:29.402,0.9379,0.93834,1.65,3.75
2011.01.27 02:14:30.786,0.9379,0.93834,1.50,3.75
2011.01.27 02:14:30.901,0.93791,0.93835,5.40,3.75
2011.01.27 02:14:31.448,0.93792,0.93835,1.02,3.75
2011.01.27 02:14:31.778,0.93808,0.93845,1.50,3.75
2011.01.27 02:14:32.278,0.93808,0.9384,1.50,3.75
2011.01.27 02:14:37.689,0.93798,0.9384,3.08,3.75
2011.01.27 02:14:38.018,0.93805,0.93845,3.75,1.50
2011.01.27 02:14:38.128,0.93792,0.93836,3.90,3.75
2011.01.27 02:14:38.939,0.93795,0.93839,3.90,3.75
2011.01.27 02:14:39.191,0.93795,0.93839,3.75,3.75
2011.01.27 02:14:42.150,0.93795,0.93839,9.72,3.75
2011.01.27 02:14:42.514,0.938,0.93836,1.58,3.75
2011.01.27 02:14:43.370,0.9381,0.93845,3.75,1.50
2011.01.27 02:14:43.598,0.93802,0.93845,3.90,1.50
2011.01.27 02:14:44.293,0.93802,0.93845,3.83,1.50
2011.01.27 02:14:46.163,0.93802,0.93845,3.83,1.50
2011.01.27 02:14:46.279,0.93804,0.93845,3.75,1.50
2011.01.27 02:14:46.609,0.93806,0.93846,1.50,1.50
2011.01.27 02:14:48.161,0.93806,0.93846,1.69,1.50
2011.01.27 02:14:48.378,0.93808,0.93851,1.50,3.75
2011.01.27 02:14:48.599,0.93817,0.93852,1.50,3.75
2011.01.27 02:14:49.117,0.93817,0.93858,1.50,3.75
2011.01.27 02:14:49.231,0.93819,0.93863,3.75,3.90
2011.01.27 02:14:49.870,0.93817,0.93863,5.25,3.75
2011.01.27 02:14:50.476,0.93818,0.93864,6.19,3.75
2011.01.27 02:14:50.590,0.93822,0.93866,3.94,3.75
2011.01.27 02:14:50.698,0.93826,0.93869,1.69,3.75
2011.01.27 02:14:51.255,0.93827,0.93873,3.75,3.83
2011.01.27 02:14:51.978,0.93827,0.93873,3.75,4.05
2011.01.27 02:14:56.341,0.93827,0.93873,3.90,6.15
2011.01.27 02:14:56.704,0.93827,0.93873,3.75,6.15
2011.01.27 02:14:57.040,0.93826,0.93863,1.69,3.75
2011.01.27 02:14:57.622,0.93826,0.93864,1.69,3.75
2011.01.27 02:14:57.732,0.93827,0.93873,3.75,3.75
2011.01.27 02:15:00.010,0.93836,0.93874,1.50,1.50
2011.01.27 02:15:03.299,0.93843,0.93878,1.50,3.75
2011.01.27 02:15:03.411,0.93843,0.93883,1.50,1.50
2011.01.27 02:15:03.519,0.93845,0.93883,1.50,1.50
2011.01.27 02:15:04.234,0.93838,0.93874,3.75,1.50
2011.01.27 02:15:05.161,0.93839,0.93874,3.75,1.50
2011.01.27 02:15:05.273,0.93837,0.93874,3.75,1.50
2011.01.27 02:15:05.602,0.93837,0.93881,3.75,1.50
2011.01.27 02:15:06.330,0.93833,0.9387,3.75,1.50
2011.01.27 02:15:06.771,0.93836,0.9387,3.75,1.50
2011.01.27 02:15:07.502,0.93836,0.93873,3.75,1.50
2011.01.27 02:15:08.051,0.93826,0.93872,5.55,3.75
2011.01.27 02:15:08.566,0.93835,0.93873,1.50,1.50
2011.01.27 02:15:09.120,0.93826,0.93866,5.40,1.50
2011.01.27 02:15:09.700,0.93828,0.93869,1.50,3.75
2011.01.27 02:15:09.809,0.93834,0.93874,1.50,6.00
2011.01.27 02:15:10.444,0.93828,0.93866,3.75,1.50
2011.01.27 02:15:10.550,0.93826,0.93866,1.50,1.50
2011.01.27 02:15:10.658,0.93823,0.93863,3.75,1.50
2011.01.27 02:15:12.435,0.93818,0.93862,3.90,3.75
2011.01.27 02:15:13.181,0.93831,0.93863,3.75,1.50
2011.01.27 02:15:13.291,0.93825,0.93865,1.50,1.50
2011.01.27 02:15:13.399,0.93822,0.93864,3.83,1.50
2011.01.27 02:15:14.551,0.93826,0.93868,1.50,3.75
2011.01.27 02:15:15.332,0.93826,0.93868,1.58,3.75
2011.01.27 02:15:15.663,0.93826,0.93868,2.52,3.75
2011.01.27 02:15:16.236,0.93826,0.93868,5.97,3.75
2011.01.27 02:15:16.569,0.93826,0.93864,1.84,1.50
2011.01.27 02:15:16.679,0.93825,0.93868,1.84,3.75
2011.01.27 02:15:17.119,0.93825,0.93865,1.65,1.50
2011.01.27 02:15:18.619,0.93825,0.93865,1.58,1.50
2011.01.27 02:15:21.332,0.93825,0.93865,1.50,1.50
2011.01.27 02:15:21.469,0.93825,0.93865,1.58,1.50
2011.01.27 02:15:22.611,0.93825,0.93865,1.50,1.50
2011.01.27 02:15:23.534,0.93825,0.93858,1.50,3.75
2011.01.27 02:15:23.654,0.93826,0.93861,1.69,3.75
2011.01.27 02:15:24.567,0.93826,0.93862,1.69,3.75
2011.01.27 02:15:24.675,0.93817,0.93854,2.40,1.50
2011.01.27 02:15:24.899,0.93816,0.93862,5.59,3.75
2011.01.27 02:15:25.012,0.93816,0.93852,1.50,3.75
2011.01.27 02:15:25.607,0.93816,0.93852,1.58,3.75
2011.01.27 02:15:25.723,0.93816,0.93852,1.50,3.75
2011.01.27 02:15:28.751,0.93818,0.93856,3.94,3.75
2011.01.27 02:15:28.860,0.93815,0.93856,2.44,3.75
2011.01.27 02:15:28.969,0.93815,0.93852,1.69,3.75
2011.01.27 02:15:29.503,0.93815,0.93852,1.50,3.75
2011.01.27 02:15:31.000,0.93815,0.93855,1.69,1.50
2011.01.27 02:15:31.643,0.93815,0.93856,1.69,3.75
2011.01.27 02:15:31.889,0.93817,0.93856,2.52,3.75
2011.01.27 02:15:32.190,0.93825,0.93856,1.50,3.75
2011.01.27 02:15:32.588,0.93825,0.93863,1.50,5.25
2011.01.27 02:15:34.690,0.93825,0.93863,1.58,5.25
2011.01.27 02:15:35.680,0.93825,0.9386,1.50,3.75
2011.01.27 02:15:36.539,0.93816,0.9386,1.02,3.75
2011.01.27 02:15:36.648,0.93831,0.93864,3.75,1.50
2011.01.27 02:15:36.868,0.93822,0.93864,3.75,1.50
2011.01.27 02:15:38.799,0.93824,0.93864,1.50,1.50
2011.01.27 02:15:39.229,0.93824,0.93864,1.50,2.44
2011.01.27 02:15:39.449,0.93818,0.93856,3.75,1.50
2011.01.27 02:15:39.559,0.93816,0.93856,1.50,1.50
2011.01.27 02:15:40.101,0.93816,0.93856,1.65,1.50
2011.01.27 02:15:40.318,0.93816,0.93854,1.50,1.50
2011.01.27 02:15:41.828,0.93816,0.93854,1.65,1.50
2011.01.27 02:15:41.999,0.93816,0.93854,1.50,1.50
2011.01.27 02:15:42.500,0.93817,0.93863,4.02,3.75
2011.01.27 02:15:42.719,0.93821,0.93864,3.75,1.69
2011.01.27 02:15:43.715,0.93821,0.93863,3.75,1.50
2011.01.27 02:15:44.466,0.93821,0.93863,3.94,1.50
2011.01.27 02:15:44.801,0.93819,0.9386,1.69,3.75
2011.01.27 02:15:44.908,0.93826,0.9387,3.75,3.75
2011.01.27 02:15:45.129,0.93819,0.93861,1.77,3.75
2011.01.27 02:15:45.399,0.93819,0.93859,1.69,3.75
2011.01.27 02:15:47.471,0.93819,0.93855,1.50,3.75
2011.01.27 02:15:48.071,0.93819,0.93856,1.50,3.75
2011.01.27 02:15:49.181,0.93819,0.93853,1.50,3.75
2011.01.27 02:15:50.831,0.93832,0.93865,1.50,3.75
2011.01.27 02:15:51.159,0.93832,0.9387,1.50,5.25
2011.01.27 02:15:51.379,0.93832,0.93865,1.50,3.75
2011.01.27 02:15:52.329,0.93821,0.93863,3.90,1.50
2011.01.27 02:15:52.439,0.93821,0.93863,3.75,1.50
2011.01.27 02:15:52.549,0.93819,0.93853,1.50,3.75
2011.01.27 02:15:52.949,0.93822,0.93863,3.90,1.50
2011.01.27 02:15:53.531,0.93827,0.93871,3.75,3.75
2011.01.27 02:15:54.340,0.93827,0.93871,3.83,3.75
2011.01.27 02:15:54.449,0.93832,0.93872,3.83,2.25
2011.01.27 02:15:55.399,0.9384,0.93873,3.75,1.50
2011.01.27 02:15:57.128,0.93838,0.93873,3.75,1.50
2011.01.27 02:16:03.333,0.93839,0.93873,3.75,1.50
2011.01.27 02:16:03.442,0.93829,0.93873,5.33,5.25
2011.01.27 02:16:04.278,0.9383,0.93873,3.75,1.65
2011.01.27 02:16:04.390,0.9383,0.93873,3.90,1.50
2011.01.27 02:16:07.765,0.93829,0.93873,5.25,7.58
2011.01.27 02:16:09.738,0.9383,0.93873,3.75,3.83
2011.01.27 02:16:11.392,0.93825,0.93865,1.65,1.50
2011.01.27 02:16:12.555,0.93821,0.93859,3.83,1.50
2011.01.27 02:16:12.890,0.9382,0.93864,3.75,3.75
2011.01.27 02:16:13.503,0.9382,0.93864,3.83,3.75
2011.01.27 02:16:13.920,0.93832,0.93872,3.75,2.25
2011.01.27 02:16:14.626,0.93833,0.93872,3.75,2.25
2011.01.27 02:16:14.960,0.93824,0.93863,3.75,2.25
2011.01.27 02:16:18.071,0.9382,0.93864,3.75,1.50
2011.01.27 02:16:18.179,0.9382,0.93866,3.75,5.25
2011.01.27 02:16:18.290,0.93825,0.93866,3.75,1.50
2011.01.27 02:16:18.911,0.93824,0.93865,3.75,1.50
2011.01.27 02:16:19.389,0.93822,0.93866,3.75,1.50
2011.01.27 02:16:19.610,0.93822,0.93863,3.75,2.25
2011.01.27 02:16:22.498,0.93823,0.93863,3.75,2.25
2011.01.27 02:16:23.728,0.93823,0.93863,3.75,2.33
2011.01.27 02:16:24.700,0.93823,0.93863,3.75,2.33
2011.01.27 02:16:25.970,0.93823,0.93863,3.75,2.40
2011.01.27 02:16:26.079,0.93819,0.9386,3.75,1.50
2011.01.27 02:16:26.299,0.93817,0.9386,1.58,3.75
2011.01.27 02:16:26.748,0.9382,0.93862,3.75,2.25
2011.01.27 02:16:29.759,0.93819,0.93863,3.75,3.75
2011.01.27 02:16:30.368,0.9382,0.93864,3.75,3.75
2011.01.27 02:16:30.902,0.9382,0.93864,3.83,3.75
2011.01.27 02:16:31.449,0.93819,0.93865,3.83,5.25
2011.01.27 02:16:32.073,0.93821,0.93865,4.02,5.25
2011.01.27 02:16:32.401,0.93813,0.93852,1.02,3.75
2011.01.27 02:16:32.509,0.93809,0.93855,13.47,3.75
2011.01.27 02:16:33.667,0.93809,0.93855,4.84,3.75
2011.01.27 02:16:34.111,0.93837,0.93864,1.50,3.75
2011.01.27 02:16:34.684,0.93825,0.93871,5.44,3.75
2011.01.27 02:16:34.795,0.93828,0.9387,1.69,3.75
2011.01.27 02:16:34.909,0.93835,0.93873,1.50,3.75
2011.01.27 02:16:35.740,0.93828,0.93872,6.19,3.75
2011.01.27 02:16:35.854,0.93835,0.93873,1.50,3.75
2011.01.27 02:16:36.192,0.93836,0.93867,2.25,3.75
2011.01.27 02:16:38.402,0.93844,0.93871,2.25,3.75
2011.01.27 02:16:38.511,0.93844,0.93871,1.50,3.75
2011.01.27 02:16:38.621,0.93856,0.93881,1.50,3.75
2011.01.27 02:16:39.180,0.9386,0.93881,1.50,3.75
2011.01.27 02:16:39.296,0.93856,0.93884,2.25,3.75
2011.01.27 02:16:39.519,0.93856,0.93881,2.25,3.75
2011.01.27 02:16:39.629,0.93856,0.93881,1.50,3.75
2011.01.27 02:16:40.260,0.93855,0.93885,1.50,3.75
2011.01.27 02:16:40.589,0.9385,0.93883,2.25,3.75
2011.01.27 02:16:40.810,0.93846,0.93881,1.50,3.75
2011.01.27 02:16:41.413,0.9385,0.9388,1.50,3.75
2011.01.27 02:16:43.299,0.93855,0.9388,1.50,3.75
2011.01.27 02:16:44.628,0.93839,0.93883,3.83,5.25
2011.01.27 02:16:44.850,0.93839,0.93883,3.75,5.25
2011.01.27 02:16:46.180,0.93839,0.93883,3.83,3.75
2011.01.27 02:16:46.730,0.93838,0.93883,6.00,1.50
2011.01.27 02:16:47.340,0.93838,0.93882,6.00,3.75
2011.01.27 02:16:52.384,0.93838,0.93882,6.15,3.75
2011.01.27 02:16:53.169,0.93838,0.93882,3.75,3.75
2011.01.27 02:16:53.752,0.93837,0.93881,3.83,3.75
2011.01.27 02:16:55.579,0.93837,0.93881,3.83,3.75
2011.01.27 02:16:58.941,0.93836,0.9388,3.75,3.75
2011.01.27 02:16:59.049,0.93837,0.93881,3.90,3.75
2011.01.27 02:16:59.577,0.93837,0.93881,3.83,3.75
2011.01.27 02:17:00.085,0.93837,0.93881,4.05,3.75
2011.01.27 02:17:00.780,0.93846,0.93882,3.75,1.50
2011.01.27 02:17:06.060,0.93837,0.93881,3.83,3.75
2011.01.27 02:17:06.893,0.93837,0.93881,3.75,3.75
2011.01.27 02:17:08.619,0.93838,0.93881,2.25,3.75
2011.01.27 02:17:11.473,0.93838,0.93881,3.08,3.75
2011.01.27 02:17:11.809,0.93838,0.93881,3.00,3.75
2011.01.27 02:17:11.918,0.93842,0.93886,4.50,3.75
2011.01.27 02:17:16.818,0.93842,0.93886,3.75,3.75
2011.01.27 02:17:24.790,0.93851,0.93893,4.50,1.50
2011.01.27 02:17:25.393,0.93846,0.93892,3.75,3.75
2011.01.27 02:17:25.499,0.93844,0.9389,4.50,3.75
2011.01.27 02:17:25.907,0.93844,0.93888,4.50,3.75
2011.01.27 02:17:26.859,0.93848,0.93892,3.75,5.25
2011.01.27 02:17:26.972,0.93846,0.93892,3.75,3.75
2011.01.27 02:17:27.080,0.93848,0.93892,2.25,3.75
2011.01.27 02:17:27.891,0.93852,0.93896,4.50,3.75
2011.01.27 02:17:28.330,0.93848,0.93883,3.00,3.75
2011.01.27 02:17:29.412,0.93848,0.93882,3.00,3.75
2011.01.27 02:17:29.679,0.93848,0.93882,3.00,3.75
2011.01.27 02:17:30.008,0.93848,0.93883,3.00,3.75
2011.01.27 02:17:30.228,0.93848,0.93885,3.00,3.75
2011.01.27 02:17:30.339,0.93865,0.93885,1.50,3.75
2011.01.27 02:17:30.967,0.93848,0.93885,3.34,3.75
2011.01.27 02:17:31.083,0.93848,0.93884,2.25,3.75
2011.01.27 02:17:31.300,0.93853,0.93897,3.75,3.75
2011.01.27 02:17:35.097,0.93854,0.93897,1.50,3.75
2011.01.27 02:17:35.216,0.93848,0.93881,2.25,3.75
2011.01.27 02:17:35.331,0.93851,0.93895,3.75,3.75
2011.01.27 02:17:35.939,0.93858,0.93895,2.25,3.75
2011.01.27 02:17:36.270,0.93863,0.93893,1.50,3.75
2011.01.27 02:17:36.953,0.93867,0.93896,2.25,3.75
2011.01.27 02:17:37.439,0.93858,0.93896,2.25,3.75
2011.01.27 02:17:38.214,0.93857,0.93893,2.25,3.75
2011.01.27 02:17:38.551,0.93858,0.93888,2.25,3.75
2011.01.27 02:17:38.661,0.93858,0.93893,2.25,3.75
2011.01.27 02:17:39.670,0.93858,0.93895,2.25,3.75
2011.01.27 02:17:40.274,0.93872,0.93893,1.50,3.75
2011.01.27 02:17:40.394,0.93872,0.93904,2.25,3.75
2011.01.27 02:17:41.061,0.93872,0.93904,1.50,3.75
2011.01.27 02:17:41.171,0.93867,0.93901,3.00,3.75
2011.01.27 02:17:42.218,0.93867,0.939,3.00,3.75
2011.01.27 02:17:42.334,0.93867,0.93899,3.00,3.75
2011.01.27 02:17:43.194,0.93867,0.93901,3.08,3.75
2011.01.27 02:17:43.311,0.93872,0.93901,1.50,3.75
2011.01.27 02:17:43.420,0.93867,0.93901,3.00,3.75
2011.01.27 02:17:43.749,0.93865,0.93906,2.25,3.75
2011.01.27 02:17:44.301,0.93864,0.93902,2.25,1.50
2011.01.27 02:17:45.482,0.93864,0.93902,2.25,1.50
2011.01.27 02:17:46.989,0.93864,0.93906,2.25,3.75
2011.01.27 02:17:48.047,0.93867,0.93907,4.50,1.50
2011.01.27 02:17:48.164,0.93862,0.93904,2.33,3.75
2011.01.27 02:17:50.282,0.93864,0.9391,4.50,3.75
2011.01.27 02:17:51.589,0.93867,0.9391,3.00,3.75
2011.01.27 02:17:51.702,0.93867,0.9391,3.15,3.75
2011.01.27 02:17:53.088,0.93867,0.9391,3.00,3.75
2011.01.27 02:17:53.673,0.93868,0.93902,1.77,1.50
2011.01.27 02:17:53.786,0.9387,0.93911,4.50,1.50
2011.01.27 02:17:54.576,0.93872,0.9391,2.25,1.50
2011.01.27 02:17:54.692,0.93872,0.9391,1.50,1.50
2011.01.27 02:17:56.964,0.93868,0.9391,3.00,1.50
2011.01.27 02:18:00.815,0.93868,0.9391,3.00,1.58
2011.01.27 02:18:01.384,0.93868,0.93907,3.00,1.02
2011.01.27 02:18:01.493,0.93854,0.93892,1.50,1.50
2011.01.27 02:18:01.600,0.93854,0.93892,1.58,1.50
2011.01.27 02:18:01.710,0.93854,0.93892,1.50,1.50
2011.01.27 02:18:03.440,0.93858,0.93895,2.25,1.50
2011.01.27 02:18:07.803,0.93858,0.93891,2.25,1.50
2011.01.27 02:18:07.918,0.93852,0.9389,2.25,1.50
2011.01.27 02:18:08.807,0.93851,0.93891,1.58,5.25
2011.01.27 02:18:09.380,0.93851,0.93891,5.25,1.50
2011.01.27 02:18:10.012,0.93851,0.93891,5.40,1.50
2011.01.27 02:18:10.920,0.93861,0.939,3.75,1.50
2011.01.27 02:18:11.359,0.93859,0.939,3.75,1.50
2011.01.27 02:18:12.053,0.9386,0.939,3.75,1.50
2011.01.27 02:18:12.270,0.9386,0.939,4.50,1.50
2011.01.27 02:18:12.379,0.93864,0.93908,3.75,3.75
2011.01.27 02:18:12.489,0.93865,0.93909,4.50,3.75
2011.01.27 02:18:13.539,0.93865,0.93911,4.50,5.25
2011.01.27 02:18:13.758,0.93865,0.93909,4.50,3.75
2011.01.27 02:18:14.263,0.93868,0.9391,4.50,1.50
2011.01.27 02:18:14.592,0.93857,0.93895,6.08,1.50
2011.01.27 02:18:14.810,0.93868,0.9391,4.50,1.50
2011.01.27 02:18:15.319,0.93862,0.93893,2.25,3.75
2011.01.27 02:18:15.434,0.93868,0.9391,4.50,1.50
2011.01.27 02:18:17.809,0.93868,0.9391,3.75,1.50
2011.01.27 02:18:17.919,0.93857,0.93895,4.58,1.50
2011.01.27 02:18:18.139,0.93861,0.93903,2.33,3.75
2011.01.27 02:18:18.751,0.93867,0.9391,4.50,1.50
2011.01.27 02:18:19.300,0.93868,0.93911,4.50,1.50
2011.01.27 02:18:20.868,0.93868,0.9391,4.58,1.50
2011.01.27 02:18:21.851,0.93868,0.93911,4.58,1.50
2011.01.27 02:18:22.829,0.93868,0.93901,6.00,1.50
2011.01.27 02:18:23.478,0.93869,0.93911,3.75,1.50
2011.01.27 02:18:23.590,0.93865,0.93909,3.75,3.75
2011.01.27 02:18:23.960,0.93868,0.93911,2.25,1.50
2011.01.27 02:18:24.289,0.93871,0.93911,2.25,1.50
2011.01.27 02:18:24.932,0.93868,0.9391,6.75,1.50
2011.01.27 02:18:26.166,0.93868,0.93911,4.50,1.50
2011.01.27 02:18:28.914,0.93867,0.93908,3.08,3.75
2011.01.27 02:18:29.359,0.93867,0.939,3.00,1.50
2011.01.27 02:18:29.469,0.93864,0.939,4.50,1.50
2011.01.27 02:18:30.391,0.9386,0.93906,4.50,3.75
2011.01.27 02:18:30.610,0.9386,0.93901,4.58,1.50
2011.01.27 02:18:31.232,0.93865,0.93901,3.75,1.50
2011.01.27 02:18:31.848,0.93866,0.9391,3.75,3.75
2011.01.27 02:18:32.849,0.9387,0.93911,3.75,1.50
2011.01.27 02:18:34.045,0.93864,0.93908,4.50,3.75
2011.01.27 02:18:34.149,0.93868,0.93907,2.25,3.75
2011.01.27 02:18:35.430,0.93863,0.93907,4.50,3.75
2011.01.27 02:18:36.006,0.93867,0.93904,3.00,3.75
2011.01.27 02:18:36.123,0.93848,0.93885,3.30,3.75
2011.01.27 02:18:36.340,0.93845,0.93881,4.65,1.50
2011.01.27 02:18:37.582,0.93855,0.93891,3.75,1.50
2011.01.27 02:18:37.800,0.93851,0.93891,2.40,1.50
2011.01.27 02:18:38.509,0.93851,0.93891,4.65,1.50
2011.01.27 02:18:40.089,0.93855,0.93891,4.50,1.50
2011.01.27 02:18:42.450,0.93863,0.939,4.50,1.50
2011.01.27 02:18:43.371,0.93856,0.9389,3.75,1.50
2011.01.27 02:18:44.640,0.93848,0.9389,6.75,1.50
2011.01.27 02:18:46.066,0.93848,0.9389,6.75,1.58
2011.01.27 02:18:46.993,0.93848,0.9389,6.75,1.50
2011.01.27 02:18:50.919,0.93851,0.93891,2.25,1.50
2011.01.27 02:18:51.622,0.93847,0.9389,3.00,1.50
2011.01.27 02:18:52.210,0.93847,0.9389,3.08,1.50
2011.01.27 02:18:55.028,0.93848,0.9389,4.65,1.50
2011.01.27 02:18:55.579,0.93853,0.93889,2.25,3.75
2011.01.27 02:18:56.258,0.93853,0.93888,2.25,3.75
2011.01.27 02:18:56.373,0.93853,0.93893,2.25,1.50
2011.01.27 02:18:57.500,0.93853,0.93889,2.25,3.75
2011.01.27 02:18:58.095,0.93853,0.93889,2.25,3.75
2011.01.27 02:18:59.142,0.93856,0.9389,3.75,1.50
2011.01.27 02:19:00.351,0.93855,0.9389,3.75,1.50
2011.01.27 02:19:00.929,0.93856,0.9389,3.75,1.50
2011.01.27 02:19:01.482,0.93855,0.9389,3.75,1.50
2011.01.27 02:19:01.900,0.93851,0.93883,3.75,1.50
2011.01.27 02:19:02.441,0.93849,0.93882,3.75,1.50
2011.01.27 02:19:05.717,0.93851,0.93882,3.75,1.50
2011.01.27 02:19:05.831,0.93846,0.93882,4.50,1.50
2011.01.27 02:19:07.709,0.93845,0.93882,3.75,1.69
2011.01.27 02:19:07.822,0.93842,0.93874,3.75,1.50
2011.01.27 02:19:09.329,0.93837,0.93874,3.75,1.69
2011.01.27 02:19:09.440,0.93835,0.93868,3.75,1.50
2011.01.27 02:19:12.597,0.93835,0.93862,3.75,1.50
2011.01.27 02:19:12.818,0.93831,0.93862,4.50,1.50
2011.01.27 02:19:13.830,0.93824,0.93862,2.25,1.69
2011.01.27 02:19:13.941,0.93823,0.93855,4.50,1.50
2011.01.27 02:19:14.179,0.93823,0.93855,4.50,1.50
2011.01.27 02:19:15.460,0.93829,0.93855,3.75,1.50
2011.01.27 02:19:15.568,0.93829,0.93863,3.75,1.50
2011.01.27 02:19:16.389,0.93828,0.93862,4.50,1.50
2011.01.27 02:19:16.503,0.93829,0.93863,4.50,1.50
2011.01.27 02:19:17.510,0.93834,0.93863,3.75,1.50
2011.01.27 02:19:18.515,0.93835,0.93863,3.75,1.50
2011.01.27 02:19:19.441,0.9384,0.93873,3.75,1.50
2011.01.27 02:19:20.210,0.93841,0.93873,3.75,1.50
2011.01.27 02:19:20.451,0.93841,0.93873,3.75,1.69
2011.01.27 02:19:21.084,0.9384,0.93858,3.75,1.50
2011.01.27 02:19:21.204,0.9384,0.93872,3.75,1.50
2011.01.27 02:19:22.960,0.93841,0.93872,3.75,1.50
2011.01.27 02:19:23.180,0.93838,0.93873,3.75,1.50
2011.01.27 02:19:23.763,0.93837,0.93881,2.25,5.25
2011.01.27 02:19:24.931,0.93837,0.93881,3.00,5.25
2011.01.27 02:19:30.109,0.93834,0.93876,2.44,3.75
2011.01.27 02:19:30.440,0.93839,0.93872,4.50,1.50
2011.01.27 02:19:32.399,0.93839,0.93872,4.50,1.50
2011.01.27 02:19:32.730,0.93839,0.93865,4.50,1.50
2011.01.27 02:19:33.363,0.93837,0.93875,3.75,1.50
2011.01.27 02:19:33.579,0.93837,0.93872,3.75,1.50
2011.01.27 02:19:34.721,0.93841,0.93882,3.75,1.69
2011.01.27 02:19:34.829,0.93844,0.93882,3.75,1.69
2011.01.27 02:19:35.809,0.9384,0.93882,3.75,1.69
2011.01.27 02:19:35.920,0.9384,0.93872,3.75,1.50
2011.01.27 02:19:38.238,0.93839,0.93872,4.50,1.50
2011.01.27 02:19:39.869,0.93838,0.93872,4.65,1.50
2011.01.27 02:19:45.250,0.93839,0.93872,3.75,1.50
2011.01.27 02:19:45.361,0.9384,0.93882,3.75,2.44
2011.01.27 02:19:45.579,0.93834,0.9388,4.50,3.75
2011.01.27 02:19:46.013,0.9384,0.93882,3.75,2.44
2011.01.27 02:19:46.809,0.93833,0.93879,4.58,3.75
2011.01.27 02:19:47.481,0.93829,0.93872,4.50,3.75
2011.01.27 02:20:00.353,0.93834,0.93878,3.75,3.75
2011.01.27 02:20:00.570,0.93834,0.93878,4.50,3.75
2011.01.27 02:20:00.681,0.93835,0.93881,4.50,3.75
2011.01.27 02:20:05.109,0.93838,0.93881,3.08,3.75
2011.01.27 02:20:05.711,0.93839,0.93885,4.50,3.75
2011.01.27 02:20:06.868,0.93839,0.93882,4.50,2.25
2011.01.27 02:20:06.984,0.93835,0.93879,4.69,3.75
2011.01.27 02:20:09.490,0.9384,0.93882,3.75,2.25
2011.01.27 02:20:09.599,0.9384,0.93884,3.75,3.75
2011.01.27 02:20:09.709,0.9384,0.93884,4.50,3.75
2011.01.27 02:20:16.052,0.93839,0.93882,4.50,1.50
2011.01.27 02:20:16.160,0.93834,0.9388,6.00,3.75
2011.01.27 02:20:16.270,0.93834,0.9388,6.00,3.75
2011.01.27 02:20:16.490,0.93838,0.93884,6.75,3.75
2011.01.27 02:20:17.039,0.93839,0.93885,4.50,3.75
2011.01.27 02:20:19.921,0.93839,0.93883,4.50,3.75
2011.01.27 02:20:21.607,0.93838,0.93884,6.90,3.75
2011.01.27 02:20:30.501,0.93844,0.93883,1.50,3.75
2011.01.27 02:20:30.719,0.93836,0.9388,4.50,3.75
2011.01.27 02:20:30.939,0.93834,0.93878,4.50,3.75
2011.01.27 02:20:31.852,0.93834,0.93877,2.25,3.75
2011.01.27 02:20:32.432,0.93834,0.93879,2.25,3.75
2011.01.27 02:20:32.949,0.93834,0.9388,6.00,3.75
2011.01.27 02:20:33.551,0.93834,0.9388,5.25,3.75
2011.01.27 02:20:34.049,0.93834,0.93877,1.50,3.75
2011.01.27 02:20:34.790,0.93833,0.93878,1.50,3.75
2011.01.27 02:20:35.309,0.93833,0.93876,1.50,3.75
2011.01.27 02:20:36.006,0.93834,0.93872,1.50,1.50
2011.01.27 02:20:44.845,0.93834,0.93865,1.50,3.75
2011.01.27 02:20:47.079,0.93834,0.93872,1.50,1.50
2011.01.27 02:20:47.189,0.93834,0.93872,2.44,1.50
2011.01.27 02:20:47.409,0.93844,0.93878,1.50,3.75
2011.01.27 02:20:47.961,0.93843,0.93879,1.69,3.75
2011.01.27 02:20:48.180,0.93843,0.93876,1.69,3.75
2011.01.27 02:20:48.508,0.93843,0.9388,1.84,3.75
2011.01.27 02:20:48.779,0.93847,0.9388,2.25,3.75
2011.01.27 02:20:48.890,0.93847,0.93885,2.25,3.75
2011.01.27 02:20:49.000,0.93852,0.93885,1.50,3.75
2011.01.27 02:20:49.759,0.93844,0.9388,1.50,3.75
2011.01.27 02:20:50.444,0.93844,0.93879,1.50,3.75
2011.01.27 02:20:50.668,0.93844,0.93888,5.25,3.75
2011.01.27 02:20:54.188,0.93852,0.93891,3.75,1.50
2011.01.27 02:20:55.239,0.93854,0.93891,3.75,1.50
2011.01.27 02:20:56.400,0.93853,0.93891,3.75,1.50
2011.01.27 02:20:57.351,0.93854,0.93891,3.75,1.50
2011.01.27 02:21:01.231,0.93852,0.93891,3.75,1.50
2011.01.27 02:21:01.973,0.93853,0.93891,3.75,1.50
2011.01.27 02:21:03.831,0.93846,0.9389,3.75,3.75
2011.01.27 02:21:04.368,0.93847,0.93891,3.75,5.25
2011.01.27 02:21:05.259,0.93845,0.93891,5.25,5.25
2011.01.27 02:21:05.465,0.93845,0.93891,5.40,5.25
2011.01.27 02:21:08.160,0.93846,0.93891,3.83,1.50
2011.01.27 02:21:09.604,0.93846,0.93891,3.75,1.50
2011.01.27 02:21:13.420,0.93846,0.9389,3.75,3.75
2011.01.27 02:21:13.979,0.93845,0.93891,5.25,5.25
2011.01.27 02:21:14.311,0.93845,0.93882,1.50,3.75
2011.01.27 02:21:14.880,0.93841,0.93877,3.75,1.50
2011.01.27 02:21:14.996,0.93833,0.93876,1.50,3.75
2011.01.27 02:21:15.548,0.93833,0.93877,5.25,1.50
2011.01.27 02:21:23.639,0.93833,0.93875,1.50,3.75
2011.01.27 02:21:24.322,0.93834,0.93872,1.50,1.50
2011.01.27 02:21:24.850,0.93833,0.93875,1.50,3.75
2011.01.27 02:21:25.069,0.93834,0.93872,1.50,1.50
2011.01.27 02:21:28.201,0.93834,0.93879,1.50,3.75
2011.01.27 02:21:28.800,0.93835,0.93881,3.75,5.25
2011.01.27 02:21:33.219,0.93835,0.93881,4.69,5.25
2011.01.27 02:21:33.551,0.93837,0.93883,3.94,6.00
2011.01.27 02:21:34.344,0.93846,0.9389,3.75,3.75
2011.01.27 02:21:44.971,0.93844,0.9389,5.25,3.75
2011.01.27 02:21:46.000,0.93846,0.9389,3.75,3.75
2011.01.27 02:21:48.510,0.9385,0.93892,3.75,3.75
2011.01.27 02:21:49.352,0.93848,0.93892,3.75,3.83
2011.01.27 02:21:55.620,0.93848,0.93887,3.75,1.50
2011.01.27 02:21:56.241,0.93848,0.93886,3.75,1.50
2011.01.27 02:21:56.570,0.93843,0.93887,5.25,1.50
2011.01.27 02:21:57.064,0.93848,0.93887,3.75,1.50
2011.01.27 02:21:58.348,0.93844,0.93887,3.75,1.50
2011.01.27 02:21:58.462,0.93853,0.93891,1.50,1.50
2011.01.27 02:22:00.490,0.93853,0.93891,1.69,1.50
2011.01.27 02:22:00.710,0.93852,0.93898,5.25,3.75
2011.01.27 02:22:00.820,0.93852,0.93894,1.50,3.75
2011.01.27 02:22:01.517,0.93853,0.93891,5.44,1.50
2011.01.27 02:22:02.424,0.93865,0.93901,3.75,1.50
2011.01.27 02:22:02.651,0.9386,0.939,3.75,1.50
2011.01.27 02:22:02.981,0.93865,0.93901,3.75,1.50
2011.01.27 02:22:03.558,0.93865,0.939,3.75,1.50
2011.01.27 02:22:04.669,0.93864,0.939,3.75,1.50
2011.01.27 02:22:08.011,0.9386,0.93901,3.75,1.50
2011.01.27 02:22:08.569,0.93861,0.93901,3.75,1.50
2011.01.27 02:22:11.829,0.93858,0.93901,3.75,1.50
2011.01.27 02:22:11.939,0.9386,0.93901,3.75,1.50
2011.01.27 02:22:14.640,0.93859,0.93901,3.75,1.50
2011.01.27 02:22:16.381,0.93861,0.93901,3.75,1.50
2011.01.27 02:22:21.490,0.93857,0.93901,3.75,1.50
2011.01.27 02:22:22.079,0.93859,0.93901,3.75,1.50
2011.01.27 02:22:29.575,0.93859,0.93891,3.75,1.50
2011.01.27 02:22:29.695,0.93856,0.93892,3.75,1.50
2011.01.27 02:22:29.815,0.93852,0.93887,1.50,3.75
2011.01.27 02:22:30.477,0.93851,0.93883,3.75,1.50
2011.01.27 02:22:30.593,0.93853,0.93891,3.75,1.50
2011.01.27 02:22:30.699,0.93856,0.93891,3.75,1.50
2011.01.27 02:22:31.768,0.93855,0.93891,3.75,1.50
2011.01.27 02:22:32.178,0.93853,0.93891,3.75,1.50
2011.01.27 02:22:32.869,0.93853,0.9389,3.75,1.50
2011.01.27 02:22:32.992,0.9384,0.9388,1.50,1.50
2011.01.27 02:22:33.431,0.93838,0.93877,3.83,1.50
2011.01.27 02:22:33.982,0.93838,0.93877,3.94,1.50
2011.01.27 02:22:34.678,0.93841,0.93877,3.75,1.50
2011.01.27 02:22:35.442,0.93836,0.93876,3.75,1.50
2011.01.27 02:22:35.660,0.93835,0.93872,3.75,1.50
2011.01.27 02:22:35.989,0.93835,0.93872,3.83,1.50
2011.01.27 02:22:36.100,0.93835,0.93872,3.75,1.50
2011.01.27 02:22:36.762,0.93835,0.93872,3.83,1.50
2011.01.27 02:22:36.872,0.93827,0.93871,3.83,3.75
2011.01.27 02:22:37.663,0.93827,0.93871,3.90,3.75
2011.01.27 02:22:38.322,0.93827,0.93871,4.05,3.75
2011.01.27 02:22:39.674,0.9383,0.93872,3.75,1.50
2011.01.27 02:22:39.900,0.93827,0.93871,3.75,5.25
2011.01.27 02:22:40.460,0.93827,0.93871,3.83,5.25
2011.01.27 02:22:41.152,0.93827,0.93871,4.77,5.25
2011.01.27 02:22:46.989,0.93828,0.93874,4.02,3.75
2011.01.27 02:22:47.500,0.93828,0.93874,3.83,3.75
2011.01.27 02:22:47.610,0.93826,0.93872,4.09,5.25
2011.01.27 02:22:48.703,0.93826,0.93872,4.09,5.25
2011.01.27 02:22:49.723,0.93826,0.93872,4.02,5.25
2011.01.27 02:22:50.130,0.93828,0.93874,3.94,3.75
2011.01.27 02:22:50.240,0.93833,0.93877,3.94,5.25
2011.01.27 02:22:50.460,0.93834,0.93876,2.44,1.50
2011.01.27 02:22:51.610,0.93841,0.93876,3.75,1.50
2011.01.27 02:22:51.722,0.93837,0.93883,3.94,3.75
2011.01.27 02:22:51.830,0.93837,0.93883,4.69,3.75
2011.01.27 02:22:52.444,0.93846,0.93892,3.94,3.75
2011.01.27 02:22:53.178,0.93845,0.93891,3.94,3.75
2011.01.27 02:22:53.290,0.93844,0.93888,3.94,3.75
2011.01.27 02:22:53.504,0.93844,0.93888,3.75,3.75
2011.01.27 02:22:54.260,0.93843,0.93887,3.75,3.75
2011.01.27 02:22:54.369,0.93843,0.93889,3.75,3.75
2011.01.27 02:22:54.589,0.93841,0.93887,3.94,3.75
2011.01.27 02:22:55.290,0.93842,0.93888,3.75,3.75
2011.01.27 02:22:55.618,0.93836,0.93881,3.94,1.50
2011.01.27 02:22:55.989,0.93836,0.93881,4.02,1.50
2011.01.27 02:22:57.839,0.93836,0.93881,3.94,1.50
2011.01.27 02:23:03.119,0.93835,0.93879,1.69,3.75
2011.01.27 02:23:03.596,0.93836,0.93881,3.94,1.50
2011.01.27 02:23:03.717,0.93834,0.93877,5.25,1.50
2011.01.27 02:23:04.049,0.93828,0.93872,1.69,3.75
2011.01.27 02:23:04.769,0.93828,0.9387,1.69,3.75
2011.01.27 02:23:05.629,0.93828,0.93872,4.50,7.50
2011.01.27 02:23:08.647,0.93828,0.93867,4.58,1.50
2011.01.27 02:23:08.869,0.93828,0.93872,4.50,7.50
2011.01.27 02:23:08.981,0.93828,0.93872,4.77,7.50
2011.01.27 02:23:09.313,0.93828,0.93874,4.77,3.75
2011.01.27 02:23:09.420,0.93834,0.93876,3.75,1.50
2011.01.27 02:23:11.311,0.93833,0.93876,3.75,1.50
2011.01.27 02:23:12.092,0.93837,0.93872,3.75,3.75
2011.01.27 02:23:12.203,0.93834,0.93873,3.75,3.75
2011.01.27 02:23:14.181,0.93834,0.93876,3.75,1.50
2011.01.27 02:23:14.789,0.93836,0.93876,3.75,1.50
2011.01.27 02:23:18.881,0.93842,0.93876,3.75,1.50
2011.01.27 02:23:19.101,0.93839,0.93876,3.75,1.50
2011.01.27 02:23:20.180,0.93838,0.93876,3.75,1.50
2011.01.27 02:23:23.181,0.93842,0.93877,3.75,1.50
2011.01.27 02:23:23.401,0.9384,0.93877,3.75,1.50
2011.01.27 02:23:24.078,0.93843,0.93877,3.75,1.50
2011.01.27 02:23:25.321,0.93841,0.93877,3.75,1.50
2011.01.27 02:23:25.974,0.93838,0.93872,4.50,1.50
2011.01.27 02:23:26.500,0.93838,0.93872,3.75,2.25
2011.01.27 02:23:26.830,0.93846,0.93882,3.75,3.75
2011.01.27 02:23:27.367,0.93852,0.93882,3.75,2.25
2011.01.27 02:23:27.484,0.93852,0.93892,3.75,3.75
2011.01.27 02:23:28.150,0.93851,0.93892,3.75,3.75
2011.01.27 02:23:28.261,0.93847,0.93892,3.75,3.75
2011.01.27 02:23:28.374,0.93847,0.93886,3.75,1.50
2011.01.27 02:23:28.954,0.93862,0.93895,4.50,1.50
2011.01.27 02:23:29.679,0.93861,0.93891,3.75,1.50
2011.01.27 02:23:29.798,0.93857,0.93901,3.75,5.44
2011.01.27 02:23:29.912,0.93857,0.93892,3.75,1.50
2011.01.27 02:23:30.131,0.93857,0.939,3.75,1.50
2011.01.27 02:23:30.689,0.93862,0.939,3.75,1.50
2011.01.27 02:23:31.021,0.93856,0.93892,3.75,3.75
2011.01.27 02:23:33.559,0.93854,0.93892,4.50,3.75
2011.01.27 02:23:33.670,0.93856,0.93892,3.75,3.75
2011.01.27 02:23:34.130,0.93854,0.93892,4.50,3.75
2011.01.27 02:23:35.339,0.93855,0.93892,3.75,3.75
2011.01.27 02:23:38.169,0.93853,0.93884,4.50,1.50
2011.01.27 02:23:38.610,0.9385,0.93883,3.75,1.50
2011.01.27 02:23:39.415,0.93847,0.93881,3.75,1.50
2011.01.27 02:23:39.520,0.93837,0.93881,4.58,1.50
2011.01.27 02:23:40.442,0.93836,0.93881,5.33,1.50
2011.01.27 02:23:42.792,0.93836,0.93881,5.40,1.50
2011.01.27 02:23:56.337,0.93836,0.93874,3.90,1.50
2011.01.27 02:23:56.455,0.93834,0.93874,1.69,1.50
2011.01.27 02:23:56.570,0.93837,0.93881,3.75,3.75
2011.01.27 02:23:56.789,0.93835,0.93881,5.44,3.75
2011.01.27 02:23:58.132,0.93835,0.93881,5.52,3.75
2011.01.27 02:23:58.607,0.93844,0.93881,1.50,3.75
2011.01.27 02:23:59.160,0.93844,0.93882,1.50,1.50
2011.01.27 02:23:59.269,0.9384,0.93882,3.90,1.50
2011.01.27 02:23:59.599,0.93837,0.93881,3.83,3.75
2011.01.27 02:24:00.542,0.93837,0.93881,3.83,3.75
2011.01.27 02:24:00.892,0.93837,0.93881,3.90,3.75
2011.01.27 02:24:01.405,0.93846,0.93882,3.75,3.75
2011.01.27 02:24:02.061,0.93836,0.93882,5.25,5.25
2011.01.27 02:24:02.280,0.93838,0.93882,3.75,5.25
2011.01.27 02:24:03.720,0.93836,0.93876,1.58,3.75
2011.01.27 02:24:03.940,0.9383,0.93874,3.83,3.75
2011.01.27 02:24:04.049,0.93839,0.93882,3.75,1.58
2011.01.27 02:24:04.272,0.93839,0.93876,3.75,1.50
2011.01.27 02:24:04.969,0.93838,0.93876,3.75,1.50
2011.01.27 02:24:05.380,0.9384,0.93876,3.75,1.50
2011.01.27 02:24:05.489,0.93838,0.93876,3.75,1.50
2011.01.27 02:24:10.398,0.93842,0.93876,3.75,1.50
2011.01.27 02:24:11.190,0.93841,0.93876,3.75,1.50
2011.01.27 02:24:13.049,0.93841,0.93876,3.83,1.50
2011.01.27 02:24:14.863,0.93841,0.93876,3.90,1.50
2011.01.27 02:24:15.221,0.93841,0.93876,3.75,1.50
2011.01.27 02:24:15.439,0.93837,0.93876,3.83,1.50
2011.01.27 02:24:15.906,0.93837,0.93873,3.83,2.25
2011.01.27 02:24:16.242,0.93837,0.93864,3.75,1.50
2011.01.27 02:24:16.351,0.93831,0.93864,3.83,1.50
2011.01.27 02:24:17.232,0.9383,0.93855,3.75,1.50
2011.01.27 02:24:17.450,0.93821,0.93855,3.90,1.50
2011.01.27 02:24:18.250,0.93821,0.93855,3.75,1.69
2011.01.27 02:24:18.470,0.93812,0.93851,3.90,1.50
2011.01.27 02:24:18.582,0.93817,0.93854,3.83,1.50
2011.01.27 02:24:19.179,0.93819,0.93852,3.75,2.25
2011.01.27 02:24:19.509,0.93814,0.93854,3.75,1.50
2011.01.27 02:24:19.619,0.93817,0.93854,3.75,1.50
2011.01.27 02:24:20.240,0.93819,0.93852,3.75,1.69
2011.01.27 02:24:20.345,0.9382,0.93852,3.75,2.25
2011.01.27 02:24:20.681,0.93821,0.93857,3.75,1.50
2011.01.27 02:24:21.174,0.93821,0.93853,3.75,1.50
2011.01.27 02:24:21.500,0.93812,0.93844,3.75,1.50
2011.01.27 02:24:22.075,0.93812,0.93842,3.75,2.25
2011.01.27 02:24:22.195,0.93808,0.93844,3.75,1.50
2011.01.27 02:24:23.641,0.93809,0.93844,3.75,1.50
2011.01.27 02:24:26.938,0.93807,0.93844,3.75,1.50
2011.01.27 02:24:28.043,0.93805,0.93839,3.75,1.50
2011.01.27 02:24:28.260,0.93798,0.9384,3.83,1.69
2011.01.27 02:24:28.369,0.93798,0.93835,3.83,1.50
2011.01.27 02:24:29.111,0.93799,0.93835,3.75,1.50
2011.01.27 02:24:30.390,0.938,0.93835,3.75,1.50
2011.01.27 02:24:30.435,0.93805,0.93839,3.75,1.50
2011.01.27 02:24:30.557,0.93807,0.93852,3.75,2.25
2011.01.27 02:24:30.671,0.93812,0.93852,3.75,2.25
2011.01.27 02:24:31.331,0.93811,0.93853,3.75,1.50
2011.01.27 02:24:31.440,0.93811,0.93855,3.75,1.50
2011.01.27 02:24:31.660,0.93814,0.93855,3.75,1.50
2011.01.27 02:24:32.256,0.93814,0.93856,3.75,1.50
2011.01.27 02:24:33.015,0.93814,0.93856,3.75,1.69
2011.01.27 02:24:33.131,0.93807,0.93853,3.75,6.00
2011.01.27 02:24:33.241,0.93807,0.93844,3.75,1.50
2011.01.27 02:24:35.689,0.93806,0.93844,3.75,1.50
2011.01.27 02:24:36.495,0.93808,0.93844,3.75,1.50
2011.01.27 02:24:37.254,0.93806,0.93844,3.75,1.50
2011.01.27 02:24:37.370,0.93808,0.93844,3.75,1.50
2011.01.27 02:24:45.360,0.9381,0.93846,3.75,1.50
2011.01.27 02:24:46.153,0.93821,0.93858,3.75,1.50
2011.01.27 02:24:46.700,0.93822,0.93859,3.75,1.50
2011.01.27 02:24:47.283,0.93821,0.93859,3.75,1.50
2011.01.27 02:24:47.806,0.93821,0.93858,3.75,1.50
2011.01.27 02:24:49.230,0.93822,0.93858,3.75,1.50
2011.01.27 02:24:51.783,0.93821,0.93858,3.75,1.50
2011.01.27 02:24:52.110,0.9382,0.93854,3.75,1.50
2011.01.27 02:24:53.021,0.93818,0.93854,3.75,1.50
2011.01.27 02:24:53.749,0.9382,0.93856,3.75,1.50
2011.01.27 02:24:54.080,0.9382,0.93853,3.75,1.50
2011.01.27 02:24:54.302,0.93819,0.93856,3.75,1.50
2011.01.27 02:24:54.851,0.9382,0.93856,3.75,1.50
2011.01.27 02:24:55.369,0.93821,0.93856,3.75,1.50
2011.01.27 02:24:56.030,0.93822,0.93856,3.75,1.50
2011.01.27 02:24:56.731,0.9382,0.93856,3.75,1.50
2011.01.27 02:24:57.170,0.93808,0.93853,8.40,1.50
2011.01.27 02:24:58.559,0.93808,0.93853,8.40,1.50
2011.01.27 02:24:58.850,0.93808,0.93853,7.58,1.50
2011.01.27 02:25:00.302,0.93808,0.93853,7.65,1.50
2011.01.27 02:25:00.805,0.93808,0.93853,7.58,1.50
2011.01.27 02:25:01.163,0.93808,0.93853,7.58,1.50
2011.01.27 02:25:02.502,0.93808,0.93853,7.65,1.50
2011.01.27 02:25:02.945,0.93808,0.93853,7.73,1.50
2011.01.27 02:25:03.059,0.93808,0.93853,7.80,1.50
2011.01.27 02:25:07.129,0.93808,0.93853,3.75,5.25
2011.01.27 02:25:07.352,0.93808,0.93853,3.94,3.75
2011.01.27 02:25:07.460,0.93809,0.93855,3.94,3.75
2011.01.27 02:25:07.570,0.93809,0.93855,4.02,3.75
2011.01.27 02:25:07.680,0.93811,0.93856,3.75,1.50
2011.01.27 02:25:08.271,0.93811,0.93855,3.90,3.75
2011.01.27 02:25:08.830,0.93809,0.93853,3.83,5.25
2011.01.27 02:25:10.981,0.93808,0.93853,3.83,5.25
2011.01.27 02:25:11.200,0.93807,0.93846,3.83,1.50
2011.01.27 02:25:11.640,0.93806,0.93844,1.58,1.50
2011.01.27 02:25:12.741,0.93806,0.93844,1.50,1.50
2011.01.27 02:25:13.069,0.93806,0.93844,1.58,1.50
2011.01.27 02:25:13.400,0.93808,0.93851,2.25,3.75
2011.01.27 02:25:13.510,0.93808,0.93854,6.00,5.25
2011.01.27 02:25:13.879,0.93811,0.93854,3.75,1.50
2011.01.27 02:25:14.600,0.93812,0.93853,3.75,1.50
2011.01.27 02:25:14.820,0.93807,0.93851,5.33,3.75
2011.01.27 02:25:14.930,0.93806,0.93845,1.02,1.50
2011.01.27 02:25:15.150,0.93815,0.93853,1.50,1.50
2011.01.27 02:25:15.780,0.93812,0.93853,3.75,1.50
2011.01.27 02:25:16.340,0.93809,0.93853,3.90,1.50
2011.01.27 02:25:17.121,0.93809,0.93853,3.83,1.50
2011.01.27 02:25:17.684,0.93809,0.93853,3.83,1.50
2011.01.27 02:25:19.634,0.93809,0.93853,3.75,1.50
2011.01.27 02:25:20.599,0.93811,0.93853,3.75,1.50
2011.01.27 02:25:20.820,0.93807,0.93852,1.58,3.94
2011.01.27 02:25:20.930,0.93806,0.93844,5.33,1.50
2011.01.27 02:25:21.150,0.93807,0.9385,2.33,3.75
2011.01.27 02:25:21.259,0.93808,0.93854,3.83,5.25
2011.01.27 02:25:21.369,0.9381,0.93854,3.75,5.25
2011.01.27 02:25:22.222,0.9381,0.93854,3.75,6.19
2011.01.27 02:25:22.442,0.93801,0.9384,2.44,1.50
2011.01.27 02:25:22.551,0.93806,0.93848,1.50,6.00
2011.01.27 02:25:22.661,0.93808,0.93848,2.25,5.25
2011.01.27 02:25:23.291,0.93807,0.93853,3.75,3.94
2011.01.27 02:25:24.414,0.93807,0.93853,3.75,4.69
2011.01.27 02:25:24.984,0.93801,0.93839,1.50,1.50
2011.01.27 02:25:25.321,0.93805,0.93848,1.50,2.25
2011.01.27 02:25:25.431,0.93805,0.93848,1.50,1.50
2011.01.27 02:25:25.540,0.93805,0.93848,1.50,5.44
2011.01.27 02:25:26.880,0.93806,0.93843,1.50,3.75
2011.01.27 02:25:27.210,0.93797,0.93835,3.75,1.50
2011.01.27 02:25:27.319,0.93795,0.93835,1.50,1.50
2011.01.27 02:25:29.000,0.93795,0.93835,1.50,1.69
2011.01.27 02:25:29.219,0.93795,0.93833,1.50,4.50
2011.01.27 02:25:29.960,0.93798,0.93835,2.33,1.50
2011.01.27 02:25:30.072,0.93798,0.93842,6.00,3.75
2011.01.27 02:25:30.194,0.93798,0.93842,6.08,3.75
2011.01.27 02:25:30.420,0.93799,0.93844,3.83,1.50
2011.01.27 02:25:31.749,0.93797,0.93834,3.83,1.50
2011.01.27 02:25:32.081,0.93796,0.93834,1.80,1.50
2011.01.27 02:25:32.189,0.93796,0.93834,1.65,1.50
2011.01.27 02:25:35.070,0.93797,0.93834,3.83,1.50
2011.01.27 02:25:35.180,0.93797,0.93841,7.58,3.75
2011.01.27 02:25:35.289,0.93797,0.93843,7.58,5.25
2011.01.27 02:25:35.399,0.93797,0.93841,7.58,3.75
2011.01.27 02:25:35.619,0.93797,0.93843,7.58,5.25
2011.01.27 02:25:36.572,0.93797,0.93842,3.90,3.75
2011.01.27 02:25:37.344,0.93797,0.93842,3.90,3.75
2011.01.27 02:25:37.975,0.93799,0.93843,3.75,1.50
2011.01.27 02:25:38.779,0.93797,0.93843,7.65,5.25
2011.01.27 02:25:39.980,0.93796,0.93834,1.65,1.50
2011.01.27 02:25:41.712,0.93796,0.93834,1.58,1.50
2011.01.27 02:25:42.290,0.93796,0.93834,1.77,1.50
2011.01.27 02:25:42.400,0.93797,0.93838,2.33,3.75
2011.01.27 02:25:42.509,0.93797,0.93841,6.08,3.75
2011.01.27 02:25:42.949,0.93797,0.93843,6.08,3.75
2011.01.27 02:25:43.616,0.93797,0.93841,6.08,3.75
2011.01.27 02:25:43.730,0.93797,0.93843,6.15,3.75
2011.01.27 02:25:44.534,0.93797,0.93843,6.30,3.75
2011.01.27 02:25:45.819,0.93803,0.93844,3.90,1.50
2011.01.27 02:25:46.149,0.93806,0.93844,1.50,1.50
2011.01.27 02:25:47.550,0.93806,0.93844,1.65,1.50
2011.01.27 02:25:47.882,0.93815,0.93853,1.50,1.50
2011.01.27 02:25:51.611,0.93812,0.93854,3.75,1.50
2011.01.27 02:25:51.831,0.93811,0.93845,3.75,1.50
2011.01.27 02:25:51.940,0.93807,0.93845,1.50,1.50
2011.01.27 02:25:52.704,0.93806,0.93844,1.50,1.50
2011.01.27 02:25:54.330,0.93806,0.93844,1.50,1.50
2011.01.27 02:25:54.444,0.93805,0.93845,5.33,1.50
2011.01.27 02:25:54.670,0.93814,0.93854,1.50,1.50
2011.01.27 02:25:54.780,0.93812,0.93853,3.75,1.50
2011.01.27 02:25:55.366,0.93812,0.93853,3.90,1.50
2011.01.27 02:25:55.890,0.93808,0.93853,4.50,1.50
2011.01.27 02:25:55.999,0.93819,0.93853,3.75,1.50
2011.01.27 02:25:59.399,0.93821,0.93853,3.75,1.50
2011.01.27 02:26:23.000,0.93821,0.93854,3.75,1.50
2011.01.27 02:26:39.320,0.93817,0.93854,3.83,1.50
2011.01.27 02:26:39.430,0.9382,0.93858,1.50,1.50
2011.01.27 02:26:48.750,0.93827,0.93858,2.25,1.50
2011.01.27 02:26:48.971,0.9383,0.93868,1.50,1.50
2011.01.27 02:26:49.190,0.93824,0.93864,5.25,1.50
2011.01.27 02:26:49.703,0.93825,0.93863,1.50,1.50
2011.01.27 02:26:58.241,0.93829,0.93862,3.75,1.50
2011.01.27 02:27:04.431,0.93829,0.93864,3.75,1.50
2011.01.27 02:27:04.578,0.93829,0.93862,3.75,1.50
2011.01.27 02:27:05.429,0.93828,0.93862,3.75,1.50
2011.01.27 02:27:05.569,0.93828,0.93865,3.75,1.50
2011.01.27 02:27:05.780,0.93828,0.93862,3.75,1.50
2011.01.27 02:27:06.286,0.93828,0.93863,3.75,1.50
2011.01.27 02:27:06.404,0.93817,0.93863,6.08,5.25
2011.01.27 02:27:07.845,0.93817,0.93863,6.00,5.33
2011.01.27 02:27:08.856,0.93817,0.93863,6.15,5.25
2011.01.27 02:27:09.444,0.93817,0.93863,6.08,5.33
2011.01.27 02:27:10.032,0.93817,0.93863,6.30,5.25
2011.01.27 02:27:10.475,0.93817,0.93863,6.08,5.25
2011.01.27 02:27:12.019,0.93819,0.93863,3.75,1.50
2011.01.27 02:27:12.679,0.93819,0.93862,3.75,1.50
2011.01.27 02:27:13.255,0.93818,0.93862,3.83,5.25
2011.01.27 02:27:16.942,0.93818,0.93862,3.83,5.25
2011.01.27 02:27:18.612,0.93818,0.93862,3.90,5.25
2011.01.27 02:27:18.829,0.93818,0.93862,3.75,5.25
2011.01.27 02:27:24.034,0.93818,0.93862,3.90,5.25
2011.01.27 02:27:24.260,0.93818,0.93862,3.83,5.33
2011.01.27 02:27:25.810,0.93818,0.93862,4.02,5.25
2011.01.27 02:27:26.140,0.93828,0.93871,2.25,4.50
2011.01.27 02:27:26.822,0.93829,0.93873,3.75,5.25
2011.01.27 02:27:27.572,0.93828,0.93872,6.00,3.75
2011.01.27 02:27:28.188,0.93834,0.93872,1.50,5.25
2011.01.27 02:27:29.160,0.93829,0.93873,3.75,5.25
2011.01.27 02:27:33.989,0.93844,0.93873,1.69,3.75
2011.01.27 02:27:34.106,0.93843,0.93883,1.50,1.50
2011.01.27 02:27:35.791,0.93839,0.93881,3.75,1.50
2011.01.27 02:27:35.899,0.93839,0.93881,3.83,1.50
2011.01.27 02:27:36.491,0.93839,0.93881,3.75,1.50
2011.01.27 02:27:37.723,0.93838,0.93881,3.75,1.50
2011.01.27 02:27:39.144,0.9384,0.93884,3.75,3.75
2011.01.27 02:27:42.619,0.93843,0.93887,3.75,1.50
2011.01.27 02:27:43.401,0.93846,0.9389,3.75,3.75
2011.01.27 02:27:43.924,0.93843,0.93887,3.75,3.75
2011.01.27 02:27:54.011,0.93844,0.93887,1.50,3.75
2011.01.27 02:27:54.605,0.93845,0.93891,3.75,5.25
2011.01.27 02:27:55.035,0.93845,0.93891,3.83,5.25
2011.01.27 02:27:55.153,0.93845,0.93891,3.75,5.25
2011.01.27 02:27:55.370,0.93847,0.93891,3.75,5.25
2011.01.27 02:27:57.545,0.93847,0.93891,3.90,5.25
2011.01.27 02:27:58.621,0.93847,0.93891,3.90,5.25
2011.01.27 02:27:59.741,0.93847,0.93891,4.84,5.25
2011.01.27 02:27:59.857,0.93861,0.93901,1.50,5.25
2011.01.27 02:28:00.081,0.93853,0.93891,1.50,1.50
2011.01.27 02:28:00.791,0.93853,0.93891,2.44,1.50
2011.01.27 02:28:00.901,0.93861,0.93895,1.50,3.75
2011.01.27 02:28:01.011,0.93861,0.93901,1.50,1.50
2011.01.27 02:28:01.584,0.9386,0.93901,3.75,1.50
2011.01.27 02:28:01.690,0.93856,0.939,3.83,3.75
2011.01.27 02:28:03.079,0.93856,0.939,3.75,3.83
2011.01.27 02:28:03.301,0.93856,0.939,3.90,3.75
2011.01.27 02:28:04.033,0.93854,0.939,3.75,3.75
2011.01.27 02:28:04.141,0.93856,0.939,3.83,3.75
2011.01.27 02:28:04.986,0.93855,0.93901,3.83,5.25
2011.01.27 02:28:05.489,0.93855,0.93899,3.83,3.75
2011.01.27 02:28:06.919,0.93855,0.93901,3.90,5.25
2011.01.27 02:28:07.031,0.93854,0.939,3.75,3.75
2011.01.27 02:28:07.579,0.93855,0.93901,3.75,5.25
2011.01.27 02:28:08.020,0.93855,0.93899,3.75,3.75
2011.01.27 02:28:08.594,0.93855,0.93901,3.75,5.25
2011.01.27 02:28:09.354,0.93854,0.939,3.75,3.75
2011.01.27 02:28:10.148,0.93857,0.93901,3.75,5.25
2011.01.27 02:28:10.971,0.93856,0.939,3.83,3.75
2011.01.27 02:28:11.520,0.93856,0.939,3.75,3.75
2011.01.27 02:28:12.195,0.93855,0.93901,3.83,5.25
2011.01.27 02:28:12.631,0.93855,0.93901,3.75,5.25
2011.01.27 02:28:12.976,0.93856,0.93901,3.83,1.50
2011.01.27 02:28:13.950,0.93856,0.93901,3.75,1.50
2011.01.27 02:28:14.327,0.93856,0.93901,3.83,1.50
2011.01.27 02:28:14.549,0.93856,0.93901,3.75,1.50
2011.01.27 02:28:14.784,0.93856,0.93901,3.83,1.50
2011.01.27 02:28:15.547,0.93856,0.93901,3.90,1.50
2011.01.27 02:28:16.229,0.93858,0.93901,3.75,1.50
2011.01.27 02:28:16.560,0.93855,0.93899,3.83,3.75
2011.01.27 02:28:17.361,0.93855,0.93901,3.75,5.25
2011.01.27 02:28:18.605,0.93855,0.93901,3.75,5.33
2011.01.27 02:28:19.330,0.93855,0.93901,3.75,5.33
2011.01.27 02:28:19.851,0.93855,0.93901,3.83,5.25
2011.01.27 02:28:20.740,0.93855,0.93901,3.75,5.25
2011.01.27 02:28:21.809,0.93855,0.93899,3.75,3.75
2011.01.27 02:28:27.481,0.93856,0.939,3.75,3.75
2011.01.27 02:28:30.210,0.93856,0.939,3.94,5.25
2011.01.27 02:28:30.745,0.93861,0.93901,1.50,1.50
2011.01.27 02:28:31.080,0.93862,0.93905,1.69,3.75
2011.01.27 02:28:31.736,0.93871,0.93905,1.50,3.75
2011.01.27 02:28:31.963,0.93868,0.93906,3.00,3.75
2011.01.27 02:28:32.074,0.93869,0.9391,3.75,1.50
2011.01.27 02:28:32.752,0.93867,0.9391,3.75,1.50
2011.01.27 02:28:35.483,0.93866,0.93911,3.75,1.50
2011.01.27 02:28:35.700,0.93868,0.93911,3.75,1.50
2011.01.27 02:28:37.681,0.9386,0.93904,3.75,3.75
2011.01.27 02:28:37.900,0.9386,0.939,3.75,1.50
2011.01.27 02:28:38.769,0.93861,0.939,3.75,1.50
2011.01.27 02:28:38.990,0.93859,0.939,3.75,1.50
2011.01.27 02:28:39.704,0.93866,0.939,3.75,1.50
2011.01.27 02:28:40.961,0.93865,0.939,3.75,1.50
2011.01.27 02:28:42.081,0.93864,0.939,3.75,1.50
2011.01.27 02:28:43.491,0.93865,0.939,3.75,1.50
2011.01.27 02:28:44.084,0.93867,0.939,3.75,1.50
2011.01.27 02:28:44.359,0.93865,0.939,3.75,1.50
2011.01.27 02:28:45.339,0.93866,0.939,3.75,1.50
2011.01.27 02:28:46.931,0.93865,0.939,3.75,1.50
2011.01.27 02:29:00.592,0.93864,0.93908,3.75,3.75
2011.01.27 02:29:00.701,0.93864,0.9391,3.75,3.75
2011.01.27 02:29:00.810,0.93864,0.93901,3.75,1.50
2011.01.27 02:29:01.691,0.93864,0.9391,3.75,3.75
2011.01.27 02:29:02.980,0.93864,0.93901,3.75,1.50
2011.01.27 02:29:31.456,0.93864,0.939,3.75,1.50
2011.01.27 02:29:32.571,0.93864,0.9391,3.75,3.75
2011.01.27 02:29:37.000,0.93866,0.9391,3.75,3.75
2011.01.27 02:29:40.001,0.93866,0.939,3.75,1.50
2011.01.27 02:29:42.041,0.93865,0.939,3.75,1.50
2011.01.27 02:29:46.471,0.93859,0.93891,3.75,1.50
2011.01.27 02:29:56.900,0.93863,0.939,3.75,1.50
2011.01.27 02:30:00.621,0.93863,0.93902,3.75,3.75
2011.01.27 02:30:00.949,0.93863,0.93909,3.75,3.75
2011.01.27 02:30:07.110,0.93868,0.9391,3.75,1.50
2011.01.27 02:30:16.772,0.93866,0.9391,3.75,5.25
2011.01.27 02:30:16.990,0.93864,0.9391,3.75,3.75
2011.01.27 02:30:17.211,0.93866,0.9391,3.75,3.75
2011.01.27 02:30:19.157,0.93867,0.9391,3.75,1.50
2011.01.27 02:30:21.283,0.93862,0.93903,1.50,3.75
2011.01.27 02:30:22.754,0.93858,0.93899,2.25,3.75
2011.01.27 02:30:23.841,0.93861,0.93903,1.50,3.75
2011.01.27 02:30:26.997,0.93862,0.93908,3.75,3.75
2011.01.27 02:30:30.992,0.93864,0.93908,3.75,3.75
2011.01.27 02:30:31.100,0.93862,0.93908,3.75,3.75
2011.01.27 02:30:36.991,0.93863,0.93907,3.75,3.75
2011.01.27 02:30:37.211,0.93873,0.93911,3.75,1.50
2011.01.27 02:30:41.630,0.93878,0.93911,3.75,1.50
2011.01.27 02:30:42.231,0.93878,0.93914,3.75,1.50
2011.01.27 02:30:42.714,0.93878,0.9392,3.75,2.44
2011.01.27 02:30:42.821,0.93873,0.93917,3.75,4.50
2011.01.27 02:30:44.391,0.93875,0.93919,3.75,2.25
2011.01.27 02:30:44.610,0.93875,0.93919,3.75,1.50
2011.01.27 02:30:44.830,0.93869,0.93913,3.75,3.75
2011.01.27 02:30:45.442,0.93868,0.93904,2.25,3.75
2011.01.27 02:30:45.910,0.93868,0.93911,2.25,3.75
2011.01.27 02:30:46.541,0.93868,0.93912,6.00,3.75
2011.01.27 02:30:46.760,0.93869,0.93915,3.75,3.75
2011.01.27 02:30:47.089,0.93868,0.93912,6.08,3.75
2011.01.27 02:30:48.740,0.93869,0.93915,3.75,3.75
2011.01.27 02:30:48.913,0.93868,0.93913,2.25,3.75
2011.01.27 02:30:50.730,0.9387,0.93914,3.75,3.75
2011.01.27 02:30:51.208,0.93874,0.93919,3.75,1.50
2011.01.27 02:30:51.783,0.93877,0.9392,2.25,3.75
2011.01.27 02:30:52.110,0.9388,0.93919,1.50,3.75
2011.01.27 02:30:52.783,0.93877,0.93916,2.25,3.75
2011.01.27 02:30:52.891,0.93883,0.93927,3.75,3.75
2011.01.27 02:30:53.110,0.93888,0.93928,3.75,1.50
2011.01.27 02:30:53.441,0.9389,0.93928,3.75,1.50
2011.01.27 02:30:53.550,0.93888,0.93928,3.75,1.50
2011.01.27 02:30:54.149,0.93887,0.93928,3.75,1.58
2011.01.27 02:30:55.222,0.93888,0.93928,3.75,1.58
2011.01.27 02:30:55.770,0.93887,0.93928,3.75,1.58
2011.01.27 02:30:56.588,0.93887,0.93928,3.75,1.65
2011.01.27 02:30:58.544,0.93888,0.93928,3.75,1.58
2011.01.27 02:30:59.312,0.93888,0.93928,3.75,1.50
2011.01.27 02:31:00.850,0.93883,0.93927,3.75,4.50
2011.01.27 02:31:00.960,0.93883,0.9392,3.75,1.50
2011.01.27 02:31:08.171,0.93874,0.9392,3.75,5.25
2011.01.27 02:31:20.752,0.93877,0.9392,3.75,1.50
2011.01.27 02:31:21.302,0.93878,0.93919,3.75,1.50
2011.01.27 02:31:23.435,0.93876,0.93919,3.75,1.58
2011.01.27 02:31:24.291,0.93876,0.93919,3.75,1.50
2011.01.27 02:31:24.731,0.93872,0.9391,3.75,1.50
2011.01.27 02:31:31.041,0.93863,0.93909,3.75,3.75
2011.01.27 02:31:33.300,0.93866,0.9391,3.75,5.25
2011.01.27 02:31:33.752,0.93872,0.9391,3.75,1.50
2011.01.27 02:31:44.916,0.93869,0.93911,3.75,1.50
2011.01.27 02:31:45.141,0.93873,0.9391,3.75,1.50
2011.01.27 02:31:50.734,0.93869,0.93911,3.75,1.50
2011.01.27 02:31:51.061,0.93873,0.9391,3.75,1.50
2011.01.27 02:31:51.171,0.9387,0.93911,3.75,1.50
2011.01.27 02:31:51.390,0.93873,0.93911,3.75,1.50
2011.01.27 02:31:54.075,0.93878,0.93919,3.75,1.65
2011.01.27 02:31:54.302,0.93876,0.93919,3.75,1.65
2011.01.27 02:31:54.412,0.93869,0.93913,3.75,3.75
2011.01.27 02:31:54.861,0.93873,0.93919,3.75,5.25
2011.01.27 02:31:55.642,0.93869,0.93915,3.75,3.75
2011.01.27 02:31:56.102,0.93871,0.93915,3.75,3.75
2011.01.27 02:31:56.213,0.93869,0.93915,3.75,3.75
2011.01.27 02:32:00.434,0.93868,0.93904,2.25,3.75
2011.01.27 02:32:00.539,0.9387,0.93914,3.75,3.75
2011.01.27 02:32:09.377,0.93868,0.93911,2.25,3.75
2011.01.27 02:32:18.532,0.93867,0.9391,3.75,1.50
2011.01.27 02:32:18.641,0.93865,0.93909,3.75,3.75
2011.01.27 02:32:20.132,0.93866,0.9391,3.75,5.25
2011.01.27 02:32:20.458,0.93863,0.93909,3.75,3.75
2011.01.27 02:32:20.790,0.93862,0.93904,1.50,3.75
2011.01.27 02:32:21.010,0.9386,0.93904,3.75,3.75
2011.01.27 02:32:23.300,0.93862,0.93906,3.75,3.75
2011.01.27 02:32:24.861,0.93864,0.93908,3.75,3.75
2011.01.27 02:32:25.080,0.93861,0.93907,3.75,3.75
2011.01.27 02:32:36.561,0.93862,0.93906,3.75,3.75
2011.01.27 02:32:39.242,0.93859,0.93905,3.75,3.75
2011.01.27 02:32:41.735,0.9386,0.93904,3.75,3.75
2011.01.27 02:32:41.842,0.93858,0.93902,3.75,3.75
2011.01.27 02:32:42.170,0.93861,0.93905,3.75,5.25
2011.01.27 02:32:42.902,0.93867,0.93905,3.75,1.50
2011.01.27 02:32:43.011,0.93858,0.93902,3.75,3.75
2011.01.27 02:32:43.230,0.93859,0.93905,3.75,5.25
2011.01.27 02:32:44.056,0.9386,0.93904,3.75,3.75
2011.01.27 02:32:44.174,0.93857,0.93903,6.00,3.75
2011.01.27 02:32:45.630,0.93855,0.93898,1.50,3.75
2011.01.27 02:32:46.196,0.93854,0.93898,3.75,3.75
2011.01.27 02:32:46.316,0.93844,0.9389,3.75,3.75
2011.01.27 02:32:46.542,0.93843,0.93886,1.50,3.75
2011.01.27 02:32:48.686,0.9384,0.93886,3.83,3.75
2011.01.27 02:32:58.431,0.9384,0.93886,4.05,3.75
2011.01.27 02:32:59.550,0.93848,0.93887,3.75,1.50
2011.01.27 02:33:00.193,0.93848,0.93887,3.83,1.50
2011.01.27 02:33:01.481,0.93848,0.93887,3.90,1.50
2011.01.27 02:33:01.701,0.93865,0.939,3.75,1.50
2011.01.27 02:33:02.366,0.93855,0.939,4.50,1.50
2011.01.27 02:33:02.482,0.93847,0.93892,3.08,3.75
2011.01.27 02:33:03.030,0.93846,0.9389,3.83,3.75
2011.01.27 02:33:04.671,0.93846,0.9389,3.83,3.75
2011.01.27 02:33:05.811,0.9384,0.93886,10.28,3.75
2011.01.27 02:33:07.591,0.93852,0.93892,3.75,1.50
2011.01.27 02:33:07.920,0.93847,0.93891,3.83,5.25
2011.01.27 02:33:08.529,0.93845,0.93891,3.75,5.25
2011.01.27 02:33:09.680,0.93845,0.93891,3.83,5.25
2011.01.27 02:33:10.684,0.93845,0.93891,3.83,5.25
2011.01.27 02:33:11.652,0.93843,0.93887,3.90,3.75
2011.01.27 02:33:11.761,0.93849,0.93891,3.75,1.50
2011.01.27 02:33:12.091,0.93846,0.9389,3.90,3.75
2011.01.27 02:33:12.790,0.93849,0.93891,3.75,1.50
2011.01.27 02:33:14.012,0.93846,0.93881,3.75,1.50
2011.01.27 02:33:14.661,0.93836,0.9388,4.58,3.75
2011.01.27 02:33:15.998,0.93836,0.9388,3.90,3.75
2011.01.27 02:33:17.264,0.93837,0.93881,3.90,5.25
2011.01.27 02:33:19.701,0.93837,0.93881,3.90,5.25
2011.01.27 02:33:26.641,0.93841,0.93881,3.75,1.50
2011.01.27 02:33:26.971,0.93841,0.93881,3.90,1.50
2011.01.27 02:33:27.081,0.93845,0.93889,3.75,3.75
2011.01.27 02:33:27.595,0.93845,0.93891,3.75,3.75
2011.01.27 02:33:27.715,0.93848,0.93892,3.75,5.25
2011.01.27 02:33:28.152,0.93844,0.93885,2.25,3.75
2011.01.27 02:33:28.261,0.93846,0.9389,3.75,3.75
2011.01.27 02:33:28.852,0.93846,0.9389,3.83,3.75
2011.01.27 02:33:30.595,0.93846,0.9389,3.90,3.75
2011.01.27 02:33:31.624,0.93846,0.9389,3.75,3.75
2011.01.27 02:33:32.234,0.93846,0.9389,3.83,3.75
2011.01.27 02:33:33.445,0.93846,0.9389,3.75,3.75
2011.01.27 02:33:36.541,0.93846,0.9389,3.83,3.75
2011.01.27 02:33:38.612,0.93846,0.9389,3.75,3.75
2011.01.27 02:33:42.373,0.93846,0.9389,3.90,3.75
2011.01.27 02:33:44.382,0.93846,0.9389,3.75,3.94
2011.01.27 02:33:44.601,0.93846,0.93887,3.90,1.50
2011.01.27 02:33:44.821,0.93849,0.93892,3.75,1.69
2011.01.27 02:33:46.132,0.93849,0.93892,3.75,3.75
2011.01.27 02:33:46.706,0.9385,0.93892,3.75,1.65
2011.01.27 02:33:47.503,0.9385,0.93892,3.75,1.58
2011.01.27 02:33:48.041,0.9385,0.93891,3.75,1.50
2011.01.27 02:33:48.151,0.93846,0.9389,3.83,3.75
2011.01.27 02:33:49.636,0.93846,0.9389,3.75,3.75
2011.01.27 02:33:51.724,0.93846,0.9389,3.83,3.75
2011.01.27 02:33:59.569,0.93846,0.9389,3.90,3.75
2011.01.27 02:33:59.930,0.93846,0.9389,3.90,3.75
2011.01.27 02:34:00.613,0.93846,0.9389,3.90,3.75
2011.01.27 02:34:04.332,0.93844,0.93889,1.65,3.75
2011.01.27 02:34:04.678,0.93843,0.93887,5.40,1.50
2011.01.27 02:34:04.865,0.93843,0.93887,5.25,1.50
2011.01.27 02:34:05.387,0.93843,0.93883,5.25,1.50
2011.01.27 02:34:17.976,0.93843,0.93883,1.50,1.69
2011.01.27 02:34:18.085,0.93833,0.93877,5.25,1.50
2011.01.27 02:34:18.430,0.93833,0.93877,5.55,5.25
2011.01.27 02:34:18.900,0.93838,0.93877,2.40,5.25
2011.01.27 02:34:19.602,0.93837,0.93877,2.55,1.50
2011.01.27 02:34:20.963,0.93837,0.93877,2.25,1.50
2011.01.27 02:34:21.184,0.93837,0.93875,2.25,3.75
2011.01.27 02:34:21.826,0.93826,0.93872,3.90,3.75
2011.01.27 02:34:22.071,0.93826,0.93872,3.90,3.75
2011.01.27 02:34:22.181,0.93826,0.93872,4.05,3.75
2011.01.27 02:34:22.290,0.93828,0.93872,2.25,3.75
2011.01.27 02:34:22.402,0.93833,0.93873,1.50,1.50
2011.01.27 02:34:23.152,0.93826,0.93872,3.83,5.25
2011.01.27 02:34:23.603,0.93826,0.93872,3.90,5.25
2011.01.27 02:34:24.477,0.93829,0.93872,3.75,1.50
2011.01.27 02:34:25.010,0.93828,0.93872,3.83,5.25
2011.01.27 02:34:31.873,0.93828,0.93872,3.90,5.25
2011.01.27 02:34:31.980,0.93828,0.93872,3.83,5.33
2011.01.27 02:34:32.090,0.93828,0.93872,3.90,5.25
2011.01.27 02:34:32.641,0.93835,0.93872,3.75,1.50
2011.01.27 02:34:33.182,0.93836,0.93872,3.75,1.50
2011.01.27 02:34:33.291,0.93828,0.93872,3.75,1.50
2011.01.27 02:34:33.594,0.93828,0.93872,3.90,1.50
2011.01.27 02:34:35.211,0.93828,0.93872,4.09,3.75
2011.01.27 02:34:35.784,0.93844,0.93883,1.50,2.25
2011.01.27 02:34:35.897,0.93852,0.93896,4.69,3.75
2011.01.27 02:34:36.122,0.93861,0.93905,3.75,3.75
2011.01.27 02:34:36.723,0.93857,0.93903,6.19,3.75
2011.01.27 02:34:37.255,0.93858,0.93903,2.25,3.75
2011.01.27 02:34:37.442,0.93859,0.93905,3.75,3.75
2011.01.27 02:34:37.660,0.93861,0.93905,3.75,3.75
2011.01.27 02:34:42.364,0.9386,0.93906,3.75,3.75
2011.01.27 02:34:54.611,0.93856,0.93902,4.50,3.75
2011.01.27 02:34:55.218,0.93865,0.93902,3.75,2.25
2011.01.27 02:34:55.442,0.93864,0.9391,3.75,3.75
2011.01.27 02:34:55.551,0.93866,0.9391,3.75,3.75
2011.01.27 02:34:55.772,0.9386,0.93906,3.75,3.75
2011.01.27 02:34:56.352,0.93856,0.93902,4.50,7.50
2011.01.27 02:34:57.554,0.93858,0.93902,4.50,3.75
2011.01.27 02:34:58.484,0.93857,0.93901,4.50,3.75
2011.01.27 02:35:09.664,0.93856,0.93902,4.50,5.25
2011.01.27 02:35:12.182,0.9386,0.93902,3.75,1.58
2011.01.27 02:35:12.400,0.93854,0.93898,3.75,3.75
2011.01.27 02:35:19.964,0.93857,0.93901,3.75,3.75
2011.01.27 02:35:20.071,0.93853,0.93899,3.75,3.75
2011.01.27 02:35:23.790,0.9385,0.93896,3.75,3.75
2011.01.27 02:35:33.464,0.93855,0.93899,3.75,3.75
2011.01.27 02:35:33.681,0.9385,0.93896,3.75,3.75
2011.01.27 02:35:34.521,0.93853,0.93899,3.75,3.75
2011.01.27 02:35:35.243,0.93858,0.93903,3.75,3.90
2011.01.27 02:35:35.835,0.93858,0.93903,3.75,3.75
2011.01.27 02:35:36.472,0.93858,0.93903,3.75,3.83
2011.01.27 02:35:39.329,0.93858,0.93903,3.75,3.75
2011.01.27 02:35:39.866,0.93861,0.93903,3.75,3.75
