2011.06.05 21:01:16.685,0.89384,0.89607,1.13,1.13
2011.06.05 21:01:20.569,0.89384,0.89607,1.13,1.13
2011.06.05 21:01:23.064,0.89384,0.89607,1.13,1.13
2011.06.05 21:01:53.729,0.89384,0.89607,1.13,1.13
2011.06.05 21:01:55.330,0.89384,0.89607,1.13,1.13
2011.06.05 21:01:55.532,0.89384,0.89607,1.13,1.13
2011.06.05 21:01:55.859,0.89384,0.89607,1.13,1.13
2011.06.05 21:01:57.519,0.89384,0.89607,1.13,1.13
2011.06.05 21:01:58.744,0.89384,0.89607,1.13,1.13
2011.06.05 21:01:59.069,0.89384,0.89607,1.13,1.13
2011.06.05 21:02:00.520,0.89384,0.89607,1.13,1.13
2011.06.05 21:02:01.511,0.89384,0.89607,1.13,1.13
2011.06.05 21:02:02.018,0.89384,0.89607,1.13,1.13
2011.06.05 21:02:15.432,0.89398,0.89607,2.85,1.13
2011.06.05 21:02:17.137,0.89398,0.89607,2.85,1.13
2011.06.05 21:02:19.439,0.89398,0.89607,2.85,1.13
2011.06.05 21:02:36.273,0.89398,0.89607,2.85,1.13
2011.06.05 21:02:37.201,0.89398,0.89609,2.85,1.13
2011.06.05 21:02:37.533,0.89418,0.89632,2.85,1.13
2011.06.05 21:02:39.578,0.89418,0.89632,2.85,1.13
2011.06.05 21:02:51.419,0.89387,0.89632,2.85,1.13
2011.06.05 21:02:52.490,0.89398,0.89632,2.85,1.13
2011.06.05 21:02:53.480,0.89398,0.89632,2.85,1.13
2011.06.05 21:03:00.429,0.89388,0.89632,2.85,1.13
2011.06.05 21:03:05.560,0.89409,0.89623,1.13,1.13
2011.06.05 21:03:06.460,0.89409,0.89623,1.13,1.13
2011.06.05 21:03:07.450,0.89409,0.89623,1.13,1.13
2011.06.05 21:03:08.459,0.89409,0.89623,1.13,1.13
2011.06.05 21:04:02.491,0.89409,0.89623,1.13,1.13
2011.06.05 21:04:31.900,0.89409,0.89623,1.13,1.13
2011.06.05 21:04:39.780,0.89409,0.89623,1.13,1.13
2011.06.05 21:04:40.505,0.89409,0.89623,1.13,1.13
2011.06.05 21:04:43.329,0.89409,0.89623,1.13,1.13
2011.06.05 21:04:54.750,0.89397,0.89622,2.85,1.13
2011.06.05 21:04:58.609,0.89407,0.89623,2.85,1.13
2011.06.05 21:05:00.680,0.89407,0.89623,2.85,1.13
2011.06.05 21:05:01.009,0.89417,0.89622,2.85,1.13
2011.06.05 21:05:03.670,0.89408,0.89622,2.85,1.13
2011.06.05 21:05:04.000,0.89417,0.89623,2.85,1.13
2011.06.05 21:05:04.719,0.89418,0.89623,2.85,1.13
2011.06.05 21:05:05.050,0.89418,0.89614,2.85,1.13
2011.06.05 21:05:05.431,0.89418,0.8961,2.85,1.13
2011.06.05 21:05:08.621,0.89418,0.89622,2.85,1.13
2011.06.05 21:05:12.039,0.89418,0.89622,2.85,1.13
2011.06.05 21:05:23.263,0.89418,0.89622,2.85,1.13
2011.06.05 21:05:23.372,0.89378,0.89622,2.85,1.13
2011.06.05 21:05:25.199,0.89378,0.89622,2.85,1.13
2011.06.05 21:05:25.821,0.89397,0.89543,2.85,2.10
2011.06.05 21:05:26.551,0.89397,0.89543,2.85,2.85
2011.06.05 21:05:27.493,0.89397,0.89543,2.85,2.85
2011.06.05 21:05:28.229,0.89397,0.89543,2.85,2.85
2011.06.05 21:05:28.449,0.89408,0.89552,2.85,2.85
2011.06.05 21:05:28.560,0.89408,0.89552,2.85,2.85
2011.06.05 21:05:29.540,0.89398,0.89542,2.85,2.85
2011.06.05 21:05:31.122,0.89398,0.89542,2.85,2.85
2011.06.05 21:05:31.450,0.89398,0.89542,2.85,2.85
2011.06.05 21:05:31.559,0.89398,0.89542,2.85,2.85
2011.06.05 21:05:31.674,0.89398,0.89542,2.85,2.85
2011.06.05 21:05:31.890,0.89388,0.89542,2.85,2.85
2011.06.05 21:05:34.550,0.89388,0.89552,2.85,2.85
2011.06.05 21:05:35.400,0.89377,0.89553,2.85,2.85
2011.06.05 21:05:35.729,0.89378,0.89552,2.85,2.85
2011.06.05 21:05:38.440,0.89378,0.89552,2.85,2.85
2011.06.05 21:05:38.769,0.89387,0.89553,2.85,2.85
2011.06.05 21:05:40.572,0.89387,0.89543,2.85,2.85
2011.06.05 21:05:41.540,0.89397,0.89553,2.85,2.85
2011.06.05 21:05:42.550,0.89388,0.89542,2.85,2.85
2011.06.05 21:05:44.500,0.89388,0.89542,2.85,2.85
2011.06.05 21:05:48.729,0.89398,0.89552,2.85,2.85
2011.06.05 21:05:54.679,0.89387,0.89543,2.85,2.85
2011.06.05 21:05:55.009,0.89398,0.89552,2.85,2.85
2011.06.05 21:05:55.229,0.89398,0.89552,2.85,2.85
2011.06.05 21:05:55.643,0.89398,0.89552,2.85,2.85
2011.06.05 21:05:55.749,0.89398,0.89552,2.85,2.85
2011.06.05 21:05:55.924,0.89398,0.89552,2.85,2.85
2011.06.05 21:05:56.361,0.89398,0.89552,2.85,2.10
2011.06.05 21:05:56.940,0.89398,0.89552,2.85,2.85
2011.06.05 21:05:57.731,0.89398,0.89552,2.85,2.85
2011.06.05 21:05:59.369,0.89388,0.89542,2.85,2.10
2011.06.05 21:06:00.139,0.89388,0.89542,2.85,2.10
2011.06.05 21:06:00.541,0.89388,0.89542,2.85,2.10
2011.06.05 21:06:00.910,0.89388,0.89542,2.85,2.10
2011.06.05 21:06:02.249,0.89388,0.89542,2.85,2.10
2011.06.05 21:06:02.359,0.89397,0.89553,2.85,2.85
2011.06.05 21:06:02.469,0.89397,0.89553,2.85,2.85
2011.06.05 21:06:05.459,0.89407,0.89553,2.85,2.85
2011.06.05 21:06:05.650,0.89407,0.89553,2.85,2.85
2011.06.05 21:06:06.053,0.89397,0.89543,2.85,2.10
2011.06.05 21:06:06.510,0.89397,0.89543,2.85,2.85
2011.06.05 21:06:06.640,0.89397,0.89543,2.85,2.85
2011.06.05 21:06:08.464,0.89397,0.89543,2.85,2.85
2011.06.05 21:06:08.854,0.89397,0.89543,2.85,2.10
2011.06.05 21:06:09.649,0.89418,0.89552,2.85,2.85
2011.06.05 21:06:10.188,0.89417,0.89543,2.85,2.10
2011.06.05 21:06:11.062,0.89417,0.89543,2.85,2.85
2011.06.05 21:06:19.839,0.89418,0.89542,2.85,2.85
2011.06.05 21:06:20.513,0.89417,0.89543,2.85,2.85
2011.06.05 21:06:20.739,0.89417,0.89543,2.85,2.85
2011.06.05 21:06:21.759,0.89398,0.89623,2.85,1.13
2011.06.05 21:06:21.869,0.89398,0.89623,2.85,1.13
2011.06.05 21:06:26.579,0.89398,0.89623,2.85,1.13
2011.06.05 21:06:26.689,0.89398,0.89623,2.85,1.13
2011.06.05 21:06:27.019,0.89398,0.8961,2.85,1.13
2011.06.05 21:06:28.540,0.89408,0.89614,2.85,1.13
2011.06.05 21:06:28.650,0.89408,0.8961,2.85,1.13
2011.06.05 21:06:29.081,0.89397,0.89613,2.85,1.13
2011.06.05 21:06:29.644,0.89397,0.8961,2.85,1.13
2011.06.05 21:06:29.939,0.89397,0.8961,2.85,1.13
2011.06.05 21:06:30.049,0.89397,0.89623,2.85,1.13
2011.06.05 21:06:30.159,0.89387,0.89623,2.85,1.13
2011.06.05 21:06:32.502,0.89387,0.89623,2.85,1.13
2011.06.05 21:06:32.889,0.89398,0.89623,2.85,1.13
2011.06.05 21:06:33.219,0.89407,0.89623,2.85,1.13
2011.06.05 21:06:36.029,0.89398,0.8961,2.85,1.13
2011.06.05 21:06:36.249,0.89407,0.89623,2.85,1.13
2011.06.05 21:06:36.999,0.89397,0.89609,2.85,1.13
2011.06.05 21:06:38.559,0.89407,0.89614,2.85,1.50
2011.06.05 21:06:39.489,0.89407,0.89609,2.85,1.13
2011.06.05 21:06:47.559,0.89427,0.89622,2.85,1.13
2011.06.05 21:06:47.901,0.89427,0.89622,2.85,1.13
2011.06.05 21:06:49.509,0.89428,0.89622,2.85,1.13
2011.06.05 21:06:50.229,0.89437,0.89609,2.85,1.13
2011.06.05 21:06:50.749,0.89437,0.89622,2.85,1.13
2011.06.05 21:06:56.249,0.89437,0.89609,2.85,1.13
2011.06.05 21:06:56.629,0.89437,0.89609,2.85,1.13
2011.06.05 21:06:57.400,0.89427,0.89622,2.85,1.13
2011.06.05 21:06:57.729,0.89437,0.89609,2.85,1.13
2011.06.05 21:07:00.389,0.89427,0.89623,2.85,1.13
2011.06.05 21:07:00.719,0.89438,0.89623,2.85,1.13
2011.06.05 21:07:03.529,0.89427,0.8961,2.85,1.13
2011.06.05 21:07:03.862,0.89428,0.89622,2.85,1.13
2011.06.05 21:07:06.519,0.89428,0.8961,2.85,1.13
2011.06.05 21:07:06.739,0.89437,0.89632,2.85,1.13
2011.06.05 21:07:09.629,0.89438,0.89602,2.85,2.10
2011.06.05 21:07:09.830,0.89438,0.89602,2.10,2.85
2011.06.05 21:07:10.649,0.89448,0.89612,2.10,2.85
2011.06.05 21:07:11.519,0.89448,0.89612,2.10,2.85
2011.06.05 21:07:20.249,0.89448,0.89612,2.10,2.85
2011.06.05 21:07:20.359,0.89418,0.89612,2.10,2.85
2011.06.05 21:07:27.729,0.89418,0.89612,2.85,2.85
2011.06.05 21:07:27.839,0.89447,0.89623,2.10,2.85
2011.06.05 21:07:29.589,0.89447,0.89623,2.10,2.85
2011.06.05 21:07:31.502,0.89447,0.89623,2.85,2.85
2011.06.05 21:07:32.501,0.89447,0.89623,2.85,2.85
2011.06.05 21:07:33.509,0.89447,0.89623,2.85,2.85
2011.06.05 21:07:34.042,0.89447,0.89623,2.85,2.85
2011.06.05 21:07:34.460,0.89447,0.89623,2.85,2.85
2011.06.05 21:07:34.770,0.89447,0.89623,2.10,2.85
2011.06.05 21:07:36.989,0.89447,0.89623,2.10,2.85
2011.06.05 21:07:49.638,0.89447,0.89623,2.10,2.85
2011.06.05 21:07:49.968,0.89447,0.89605,2.85,1.13
2011.06.05 21:07:50.751,0.89447,0.89605,2.85,1.13
2011.06.05 21:07:51.262,0.89457,0.89605,2.48,1.13
2011.06.05 21:07:55.499,0.89457,0.89605,2.48,1.13
2011.06.05 21:08:34.950,0.89457,0.89605,2.85,1.13
2011.06.05 21:08:35.729,0.89478,0.89605,2.48,1.13
2011.06.05 21:08:36.350,0.89478,0.89605,2.48,1.13
2011.06.05 21:08:43.629,0.89437,0.89606,2.10,1.13
2011.06.05 21:08:46.241,0.89437,0.89606,2.10,1.13
2011.06.05 21:08:46.709,0.89437,0.89605,2.10,1.13
2011.06.05 21:08:46.929,0.89427,0.89605,2.85,1.13
2011.06.05 21:08:54.132,0.89427,0.89592,4.80,1.13
2011.06.05 21:08:54.239,0.89441,0.89604,1.50,1.50
2011.06.05 21:08:54.892,0.89477,0.89606,2.10,1.13
2011.06.05 21:08:55.000,0.89427,0.89606,2.10,1.13
2011.06.05 21:09:04.391,0.89427,0.89606,2.85,1.13
2011.06.05 21:09:04.499,0.89431,0.89606,1.50,1.13
2011.06.05 21:09:04.959,0.89458,0.89606,2.10,1.13
2011.06.05 21:09:06.560,0.89458,0.89606,2.10,1.13
2011.06.05 21:09:07.509,0.89458,0.89606,2.10,1.13
2011.06.05 21:09:11.980,0.89458,0.89606,2.10,1.13
2011.06.05 21:09:14.511,0.89458,0.89606,2.10,1.13
2011.06.05 21:10:14.678,0.89458,0.89612,2.10,3.80
2011.06.05 21:10:42.022,0.89458,0.89606,2.10,1.13
2011.06.05 21:10:42.953,0.89458,0.89606,2.10,1.13
2011.06.05 21:10:44.040,0.89458,0.89606,2.10,1.13
2011.06.05 21:10:45.440,0.89458,0.89606,2.10,1.13
2011.06.05 21:10:47.180,0.89458,0.89606,2.10,1.13
2011.06.05 21:10:48.451,0.89458,0.89606,2.10,1.13
2011.06.05 21:10:51.530,0.89458,0.89606,2.10,1.13
2011.06.05 21:10:52.411,0.89458,0.89606,2.10,1.13
2011.06.05 21:10:57.581,0.89458,0.89606,2.10,1.13
2011.06.05 21:11:01.741,0.89458,0.89606,2.10,1.13
2011.06.05 21:11:22.441,0.89458,0.89606,2.10,1.13
2011.06.05 21:11:23.520,0.89458,0.89606,2.10,1.13
2011.06.05 21:11:46.414,0.89458,0.89606,2.10,1.13
2011.06.05 21:11:48.730,0.89458,0.89606,2.10,1.13
2011.06.05 21:11:48.841,0.89457,0.89583,2.10,2.10
2011.06.05 21:11:50.533,0.89457,0.89583,2.10,2.85
2011.06.05 21:11:51.590,0.89457,0.89583,2.10,2.85
2011.06.05 21:11:52.512,0.89457,0.89583,2.10,2.85
2011.06.05 21:12:05.897,0.89457,0.89583,2.85,2.85
2011.06.05 21:12:07.100,0.89458,0.89582,2.10,2.85
2011.06.05 21:12:07.670,0.89458,0.89582,2.10,2.85
2011.06.05 21:12:12.133,0.89458,0.89582,2.85,2.85
2011.06.05 21:12:12.778,0.89468,0.89592,2.48,2.85
2011.06.05 21:12:13.632,0.89468,0.89592,2.48,2.85
2011.06.05 21:12:14.512,0.89468,0.89592,2.48,2.85
2011.06.05 21:12:15.900,0.89468,0.89592,2.48,2.85
2011.06.05 21:12:17.482,0.89468,0.89592,2.48,2.85
2011.06.05 21:12:18.311,0.89468,0.89592,2.48,2.85
2011.06.05 21:12:18.430,0.89468,0.89592,2.48,2.85
2011.06.05 21:12:19.095,0.89468,0.89592,2.48,2.85
2011.06.05 21:12:21.441,0.89468,0.89592,2.48,2.85
2011.06.05 21:12:22.011,0.89468,0.89592,2.48,2.85
2011.06.05 21:12:22.304,0.89468,0.89592,2.48,2.85
2011.06.05 21:12:23.292,0.89468,0.89592,2.48,2.85
2011.06.05 21:12:23.410,0.89468,0.89592,2.48,2.10
2011.06.05 21:12:24.071,0.89468,0.89592,2.48,2.85
2011.06.05 21:12:24.758,0.89468,0.89592,2.48,2.85
2011.06.05 21:12:26.474,0.89468,0.89592,2.48,2.85
2011.06.05 21:12:27.480,0.89468,0.89592,2.48,2.85
2011.06.05 21:12:29.347,0.89468,0.89592,2.48,2.85
2011.06.05 21:12:30.493,0.89468,0.89592,2.48,2.85
2011.06.05 21:12:37.093,0.89468,0.89592,2.48,2.85
2011.06.05 21:12:37.372,0.89468,0.89592,2.48,2.10
2011.06.05 21:12:38.006,0.89467,0.89605,2.48,1.13
2011.06.05 21:12:41.992,0.89467,0.89605,2.48,1.13
2011.06.05 21:12:43.473,0.89467,0.89605,2.48,1.13
2011.06.05 21:12:53.355,0.89467,0.89605,2.48,1.13
2011.06.05 21:13:44.761,0.89458,0.89605,2.10,1.13
2011.06.05 21:13:50.633,0.89458,0.89599,2.10,1.50
2011.06.05 21:13:50.850,0.89448,0.89594,2.48,1.50
2011.06.05 21:13:52.472,0.89448,0.89589,2.48,1.13
2011.06.05 21:13:54.452,0.89448,0.89589,2.48,1.13
2011.06.05 21:14:02.250,0.89448,0.89588,2.10,1.13
2011.06.05 21:14:02.471,0.89388,0.89588,2.10,1.13
2011.06.05 21:14:07.911,0.89388,0.89588,2.10,1.13
2011.06.05 21:14:08.021,0.89388,0.89589,2.85,1.13
2011.06.05 21:14:08.130,0.89427,0.89589,2.10,1.13
2011.06.05 21:14:09.523,0.89427,0.89588,2.10,1.13
2011.06.05 21:14:11.502,0.89427,0.89588,2.85,1.13
2011.06.05 21:14:15.560,0.89378,0.89542,2.85,2.10
2011.06.05 21:14:16.570,0.89378,0.89542,2.85,2.85
2011.06.05 21:14:17.260,0.89387,0.89573,2.10,2.85
2011.06.05 21:14:17.826,0.89387,0.89573,2.10,2.85
2011.06.05 21:14:18.472,0.89387,0.89573,2.85,2.85
2011.06.05 21:14:19.643,0.89387,0.89563,4.80,1.13
2011.06.05 21:14:20.165,0.89417,0.89563,2.10,1.13
2011.06.05 21:14:21.393,0.89417,0.89563,2.10,1.13
2011.06.05 21:14:23.533,0.89417,0.89563,2.10,1.13
2011.06.05 21:14:31.891,0.89417,0.89573,2.10,3.80
2011.06.05 21:14:32.000,0.89417,0.89573,2.10,2.10
2011.06.05 21:14:32.162,0.89317,0.89613,2.10,3.80
2011.06.05 21:14:37.720,0.89418,0.89572,2.10,2.10
2011.06.05 21:14:38.492,0.89418,0.89572,2.10,2.85
2011.06.05 21:14:40.472,0.89418,0.89572,2.10,2.85
2011.06.05 21:14:49.530,0.89418,0.89572,2.10,2.10
2011.06.05 21:14:49.750,0.89317,0.89563,2.10,2.10
2011.06.05 21:14:56.211,0.89348,0.89562,2.10,2.10
2011.06.05 21:14:57.521,0.89348,0.89562,2.10,2.85
2011.06.05 21:15:00.052,0.89348,0.89562,2.85,2.85
2011.06.05 21:15:00.493,0.89348,0.89562,2.10,2.85
2011.06.05 21:15:01.152,0.89348,0.89562,2.10,2.85
2011.06.05 21:15:01.260,0.89357,0.89563,2.10,2.85
2011.06.05 21:15:05.703,0.89357,0.89563,2.10,2.10
2011.06.05 21:15:05.920,0.89357,0.89613,2.10,3.80
2011.06.05 21:15:09.401,0.89378,0.89542,2.10,2.10
2011.06.05 21:15:11.493,0.89378,0.89542,2.10,2.85
2011.06.05 21:15:12.483,0.89378,0.89542,2.10,2.85
2011.06.05 21:15:13.423,0.89378,0.89542,2.10,2.85
2011.06.05 21:15:22.260,0.89367,0.89553,2.85,2.85
2011.06.05 21:15:30.673,0.89367,0.89553,2.85,2.85
2011.06.05 21:16:18.701,0.89367,0.89553,2.10,2.85
2011.06.05 21:16:18.810,0.89318,0.89532,2.10,2.85
2011.06.05 21:16:25.070,0.89317,0.89613,2.10,2.10
2011.06.05 21:16:26.760,0.89327,0.89613,2.10,2.10
2011.06.05 21:16:37.020,0.89327,0.89613,2.10,3.80
2011.06.05 21:16:37.954,0.89328,0.89552,2.10,2.10
2011.06.05 21:16:39.522,0.89328,0.89552,2.85,2.85
2011.06.05 21:16:40.550,0.89328,0.89552,2.85,2.85
2011.06.05 21:16:41.120,0.89328,0.89552,2.85,2.85
2011.06.05 21:16:44.912,0.89328,0.89552,2.10,2.85
2011.06.05 21:16:45.252,0.89328,0.89512,2.10,2.10
2011.06.05 21:16:46.454,0.89328,0.89512,2.10,2.85
2011.06.05 21:16:47.011,0.89328,0.89512,2.85,2.85
2011.06.05 21:16:47.974,0.89347,0.89533,2.10,2.85
2011.06.05 21:16:48.543,0.89347,0.89533,2.85,2.85
2011.06.05 21:16:49.532,0.89347,0.89533,2.85,2.85
2011.06.05 21:16:51.571,0.89347,0.89533,2.85,2.85
2011.06.05 21:17:38.291,0.89347,0.89533,2.10,2.85
2011.06.05 21:17:38.556,0.89317,0.89513,2.10,2.85
2011.06.05 21:17:41.173,0.89317,0.89504,2.85,1.13
2011.06.05 21:17:41.280,0.89322,0.89504,1.50,1.13
2011.06.05 21:17:44.833,0.89338,0.89504,2.85,1.13
2011.06.05 21:17:46.261,0.89338,0.89504,2.85,1.13
2011.06.05 21:17:46.903,0.89347,0.89504,2.48,1.13
2011.06.05 21:17:47.120,0.89318,0.89505,2.85,1.13
2011.06.05 21:17:47.546,0.89318,0.89505,2.85,1.13
2011.06.05 21:17:48.902,0.89318,0.89505,2.85,1.13
2011.06.05 21:17:49.011,0.89321,0.89504,1.50,1.13
2011.06.05 21:17:49.804,0.89328,0.89504,2.10,1.13
2011.06.05 21:17:50.389,0.89328,0.89504,2.10,1.13
2011.06.05 21:17:51.543,0.89328,0.89504,2.85,1.13
2011.06.05 21:17:52.021,0.89347,0.89505,2.48,1.13
2011.06.05 21:17:53.522,0.89347,0.89505,3.23,1.13
2011.06.05 21:17:55.063,0.8935,0.89505,1.13,1.13
2011.06.05 21:17:56.491,0.89347,0.89505,2.48,1.13
2011.06.05 21:18:16.172,0.89347,0.89504,2.85,1.13
2011.06.05 21:18:17.130,0.89347,0.89504,2.85,1.13
2011.06.05 21:18:17.601,0.89347,0.89504,2.85,1.13
2011.06.05 21:18:27.910,0.89352,0.89504,1.50,1.13
2011.06.05 21:18:28.022,0.89352,0.89504,1.50,1.13
2011.06.05 21:18:42.761,0.89347,0.89494,2.85,1.50
2011.06.05 21:18:45.442,0.89347,0.89479,1.50,1.13
2011.06.05 21:19:09.274,0.89347,0.89479,1.50,1.13
2011.06.05 21:19:26.704,0.89351,0.89479,1.50,1.13
2011.06.05 21:19:26.811,0.89356,0.89479,1.13,1.13
2011.06.05 21:19:28.083,0.89346,0.89479,1.50,1.13
2011.06.05 21:19:29.441,0.89367,0.89483,2.10,1.13
2011.06.05 21:19:38.913,0.89367,0.89483,2.85,1.13
2011.06.05 21:19:53.661,0.89367,0.89484,2.85,1.50
2011.06.05 21:19:59.721,0.89367,0.89505,2.85,1.13
2011.06.05 21:19:59.831,0.89377,0.89505,2.10,1.13
2011.06.05 21:20:01.749,0.89377,0.89505,2.10,1.13
2011.06.05 21:20:02.079,0.89377,0.89509,2.10,1.13
2011.06.05 21:20:05.231,0.89388,0.89514,2.10,1.50
2011.06.05 21:20:06.883,0.89388,0.89514,2.85,1.50
2011.06.05 21:20:15.501,0.89401,0.89542,1.50,2.10
2011.06.05 21:20:15.721,0.89408,0.89599,2.85,1.50
2011.06.05 21:20:20.623,0.89408,0.89599,2.85,1.50
2011.06.05 21:20:23.073,0.89398,0.89599,2.85,1.13
2011.06.05 21:20:24.251,0.89407,0.896,2.85,1.13
2011.06.05 21:20:24.702,0.89407,0.89573,2.85,2.10
2011.06.05 21:20:25.442,0.89407,0.89573,2.85,2.85
2011.06.05 21:20:26.543,0.89407,0.89573,2.85,2.85
2011.06.05 21:20:27.340,0.89407,0.89573,2.85,2.85
2011.06.05 21:20:27.760,0.89407,0.89573,2.85,2.85
2011.06.05 21:20:31.823,0.89407,0.89573,4.80,2.85
2011.06.05 21:20:34.471,0.89407,0.89573,4.80,2.85
2011.06.05 21:20:34.691,0.89407,0.89573,2.85,2.85
2011.06.05 21:20:35.352,0.89407,0.89573,2.85,2.85
2011.06.05 21:20:36.493,0.89407,0.89573,2.85,2.85
2011.06.05 21:20:45.841,0.89397,0.89563,2.85,2.85
2011.06.05 21:20:48.873,0.89397,0.89563,2.85,2.85
2011.06.05 21:20:48.981,0.89397,0.89563,2.85,2.85
2011.06.05 21:20:49.202,0.89408,0.89602,2.10,2.85
2011.06.05 21:20:49.311,0.89398,0.89562,2.85,2.85
2011.06.05 21:20:49.421,0.89408,0.89572,2.10,2.85
2011.06.05 21:20:50.261,0.89408,0.89572,2.10,2.85
2011.06.05 21:20:50.861,0.89408,0.89572,2.10,2.85
2011.06.05 21:20:51.451,0.89418,0.89572,2.10,2.85
2011.06.05 21:20:52.387,0.89418,0.89572,2.10,2.85
2011.06.05 21:20:53.542,0.89418,0.89572,2.10,2.85
2011.06.05 21:20:55.412,0.89418,0.89572,2.10,2.85
2011.06.05 21:20:55.521,0.89367,0.89573,2.85,2.85
2011.06.05 21:20:56.541,0.89377,0.89573,1.50,2.85
2011.06.05 21:20:56.651,0.89377,0.89573,1.50,2.85
2011.06.05 21:20:56.761,0.89372,0.89573,1.50,2.85
2011.06.05 21:20:59.484,0.89381,0.89583,1.13,2.85
2011.06.05 21:21:00.472,0.89382,0.89583,1.13,2.85
2011.06.05 21:21:01.731,0.89382,0.89583,1.13,2.85
2011.06.05 21:21:01.841,0.89417,0.89583,2.10,2.85
2011.06.05 21:21:02.233,0.89417,0.89583,2.10,2.85
2011.06.05 21:21:02.341,0.89408,0.89572,2.10,2.85
2011.06.05 21:21:02.931,0.89408,0.89572,2.10,2.85
2011.06.05 21:21:03.442,0.89408,0.89572,2.10,2.85
2011.06.05 21:21:04.544,0.89408,0.89572,2.10,2.85
2011.06.05 21:21:06.523,0.89408,0.89572,2.85,2.85
2011.06.05 21:21:06.741,0.89377,0.89573,1.50,2.85
2011.06.05 21:21:09.751,0.89398,0.89572,2.10,2.85
2011.06.05 21:21:11.473,0.89398,0.89572,2.10,2.85
2011.06.05 21:21:12.412,0.89398,0.89572,2.10,2.85
2011.06.05 21:21:12.631,0.89382,0.89573,1.13,2.85
2011.06.05 21:21:14.741,0.89377,0.89573,2.10,2.85
2011.06.05 21:21:14.851,0.89357,0.89563,2.10,2.85
2011.06.05 21:21:20.992,0.89357,0.89563,2.10,2.85
2011.06.05 21:21:21.211,0.89378,0.89562,2.10,2.85
2011.06.05 21:21:22.473,0.89378,0.89562,2.10,2.85
2011.06.05 21:21:30.021,0.89367,0.89553,2.10,2.85
2011.06.05 21:21:31.494,0.89367,0.89553,2.10,2.85
2011.06.05 21:21:42.783,0.89358,0.89562,2.10,2.85
2011.06.05 21:21:50.453,0.89358,0.89562,2.10,2.85
2011.06.05 21:21:51.442,0.89358,0.89572,2.85,2.85
2011.06.05 21:21:52.542,0.89358,0.89572,2.85,2.85
2011.06.05 21:21:53.533,0.89358,0.89572,2.85,2.85
2011.06.05 21:21:57.938,0.89358,0.89572,2.85,2.85
2011.06.05 21:21:58.041,0.89358,0.89572,2.85,2.85
2011.06.05 21:21:58.511,0.89358,0.89572,2.85,2.85
2011.06.05 21:21:58.731,0.89397,0.89583,2.10,2.85
2011.06.05 21:21:59.473,0.89397,0.89583,2.10,2.85
2011.06.05 21:22:00.405,0.89397,0.89583,2.85,2.85
2011.06.05 21:22:02.385,0.89397,0.89583,2.85,2.85
2011.06.05 21:22:10.781,0.89397,0.89583,2.85,2.85
2011.06.05 21:22:16.694,0.89407,0.89613,2.85,2.85
2011.06.05 21:22:35.472,0.89407,0.89613,2.85,2.85
2011.06.05 21:22:35.691,0.89407,0.89613,2.85,2.85
2011.06.05 21:23:35.836,0.89407,0.89613,2.10,2.10
2011.06.05 21:25:01.531,0.89407,0.89613,2.85,2.85
2011.06.05 21:25:02.472,0.89397,0.89583,2.85,2.85
2011.06.05 21:25:03.462,0.89397,0.89583,2.85,2.85
2011.06.05 21:25:05.554,0.89397,0.89583,2.85,2.85
2011.06.05 21:25:45.263,0.89397,0.89583,2.85,2.85
2011.06.05 21:25:46.473,0.89397,0.89583,2.85,2.85
2011.06.05 21:25:47.452,0.89397,0.89583,2.85,2.85
2011.06.05 21:26:30.303,0.89397,0.89583,2.85,2.85
2011.06.05 21:27:17.924,0.89397,0.89583,2.85,2.85
2011.06.05 21:27:18.152,0.89397,0.89583,2.10,2.85
2011.06.05 21:27:18.371,0.89388,0.89572,2.85,2.85
2011.06.05 21:27:19.352,0.89388,0.89572,2.10,2.85
2011.06.05 21:27:19.463,0.89388,0.89572,2.10,2.85
2011.06.05 21:27:19.574,0.89388,0.89572,2.10,2.85
2011.06.05 21:27:21.827,0.89388,0.89572,2.10,2.85
2011.06.05 21:27:22.142,0.89388,0.89572,2.85,2.85
2011.06.05 21:27:23.492,0.89388,0.89572,2.10,2.85
2011.06.05 21:27:23.647,0.89388,0.89572,2.10,2.85
2011.06.05 21:27:23.755,0.89388,0.89572,2.10,2.85
2011.06.05 21:27:24.854,0.89388,0.89572,2.10,2.85
2011.06.05 21:27:24.964,0.89388,0.89572,2.10,2.85
2011.06.05 21:27:25.075,0.89388,0.89572,2.10,2.85
2011.06.05 21:27:26.042,0.89388,0.89572,2.10,2.85
2011.06.05 21:27:26.213,0.89388,0.89572,2.10,2.85
2011.06.05 21:27:26.615,0.89388,0.89572,2.10,2.85
2011.06.05 21:27:27.382,0.89388,0.89572,2.10,2.85
2011.06.05 21:27:27.626,0.89388,0.89572,2.10,2.85
2011.06.05 21:27:27.902,0.89388,0.89572,2.10,2.85
2011.06.05 21:27:28.594,0.89388,0.89572,2.10,2.85
2011.06.05 21:27:31.435,0.89388,0.89572,2.10,2.85
2011.06.05 21:27:33.453,0.89388,0.89572,2.85,2.85
2011.06.05 21:28:41.774,0.89397,0.89589,2.85,1.13
2011.06.05 21:28:45.724,0.89397,0.89589,2.10,1.13
2011.06.05 21:28:46.708,0.89398,0.89589,2.10,1.13
2011.06.05 21:28:47.485,0.89398,0.89589,2.85,1.13
2011.06.05 21:28:47.814,0.89447,0.89589,2.10,1.13
2011.06.05 21:28:49.465,0.89447,0.89589,2.85,1.13
2011.06.05 21:28:50.455,0.89447,0.89589,2.85,1.13
2011.06.05 21:28:51.445,0.89447,0.89589,2.85,1.13
2011.06.05 21:28:52.545,0.89447,0.89589,2.85,1.13
2011.06.05 21:28:52.654,0.89447,0.89589,2.10,1.13
2011.06.05 21:28:52.984,0.89398,0.89589,2.10,1.13
2011.06.05 21:28:58.254,0.89398,0.89589,2.85,1.13
2011.06.05 21:28:58.555,0.89447,0.89589,2.10,1.13
2011.06.05 21:29:00.526,0.89447,0.89589,2.85,1.13
2011.06.05 21:29:01.516,0.89447,0.89589,2.85,1.13
2011.06.05 21:29:02.455,0.89447,0.89589,2.85,1.13
2011.06.05 21:29:04.954,0.89398,0.89589,2.10,1.13
2011.06.05 21:29:09.876,0.89398,0.89589,2.85,1.13
2011.06.05 21:29:10.094,0.89398,0.89589,2.85,1.13
2011.06.05 21:29:11.526,0.89448,0.89589,2.10,1.13
2011.06.05 21:29:12.516,0.89448,0.89589,2.85,1.13
2011.06.05 21:29:13.506,0.89448,0.89589,2.85,1.13
2011.06.05 21:29:13.784,0.89448,0.89589,2.10,1.13
2011.06.05 21:29:13.894,0.89397,0.89589,2.10,1.13
2011.06.05 21:29:14.004,0.89397,0.89589,2.85,1.13
2011.06.05 21:29:20.601,0.89437,0.89589,2.10,1.13
2011.06.05 21:29:20.704,0.89437,0.89589,2.10,1.13
2011.06.05 21:29:20.935,0.89437,0.89589,2.10,1.13
2011.06.05 21:29:21.044,0.89457,0.89589,2.10,1.13
2011.06.05 21:29:23.516,0.89457,0.89589,2.85,1.13
2011.06.05 21:29:24.506,0.89457,0.89589,2.85,1.13
2011.06.05 21:29:25.446,0.89457,0.89589,2.10,1.13
2011.06.05 21:29:25.554,0.89438,0.89589,2.10,1.13
2011.06.05 21:29:31.415,0.89438,0.89591,2.85,1.13
2011.06.05 21:29:31.524,0.89442,0.89591,1.50,1.13
2011.06.05 21:29:32.536,0.89462,0.89593,1.50,1.13
2011.06.05 21:29:33.526,0.89467,0.89591,1.50,1.13
2011.06.05 21:29:34.516,0.89467,0.89593,1.50,1.13
2011.06.05 21:29:42.044,0.89458,0.89593,2.10,1.13
2011.06.05 21:29:42.154,0.89437,0.89593,2.85,1.13
2011.06.05 21:29:45.924,0.89437,0.89591,4.80,1.13
2011.06.05 21:29:48.975,0.89442,0.89591,1.50,1.13
2011.06.05 21:29:55.524,0.89437,0.89592,4.80,1.13
2011.06.05 21:30:00.656,0.89447,0.89591,2.85,1.13
2011.06.05 21:30:00.764,0.89467,0.89591,2.85,1.13
2011.06.05 21:30:02.949,0.89467,0.89591,2.85,1.13
2011.06.05 21:30:09.764,0.89472,0.89593,1.50,1.13
2011.06.05 21:30:09.927,0.89467,0.89593,2.85,1.50
2011.06.05 21:30:10.034,0.89447,0.89588,2.85,1.13
2011.06.05 21:30:11.654,0.89447,0.89592,2.85,1.13
2011.06.05 21:30:11.874,0.89447,0.89589,2.85,1.13
2011.06.05 21:30:14.516,0.89448,0.89589,2.85,1.13
2011.06.05 21:30:15.564,0.89451,0.89589,1.50,1.13
2011.06.05 21:30:16.126,0.89451,0.89591,1.50,1.13
2011.06.05 21:30:16.234,0.89448,0.8959,2.85,1.13
2011.06.05 21:30:16.454,0.89448,0.8959,2.85,1.13
2011.06.05 21:30:17.434,0.89448,0.89595,2.85,1.13
2011.06.05 21:30:17.544,0.89452,0.89595,1.50,1.13
2011.06.05 21:30:20.545,0.89468,0.89592,2.85,1.13
2011.06.05 21:30:20.655,0.89468,0.89595,2.85,1.13
2011.06.05 21:30:20.764,0.89472,0.89595,1.50,1.13
2011.06.05 21:30:22.546,0.89481,0.89595,1.50,1.13
2011.06.05 21:30:24.504,0.89468,0.8959,2.85,1.13
2011.06.05 21:30:25.898,0.89472,0.8959,1.50,1.13
2011.06.05 21:30:26.506,0.89482,0.89593,1.50,1.13
2011.06.05 21:30:28.487,0.89481,0.8959,1.50,1.13
2011.06.05 21:30:29.477,0.89481,0.89594,1.50,1.13
2011.06.05 21:30:30.244,0.89486,0.89596,1.50,1.13
2011.06.05 21:30:31.455,0.89482,0.89596,1.50,1.13
2011.06.05 21:30:42.407,0.89492,0.89598,1.50,1.13
2011.06.05 21:30:45.174,0.89492,0.89598,1.50,1.13
2011.06.05 21:30:46.526,0.89497,0.89595,1.50,1.13
2011.06.05 21:30:47.515,0.89491,0.89595,1.50,1.13
2011.06.05 21:30:50.926,0.89496,0.89599,1.50,1.13
2011.06.05 21:30:51.254,0.89496,0.89602,1.50,1.13
2011.06.05 21:30:51.524,0.89486,0.89604,1.50,1.13
2011.06.05 21:30:52.087,0.89496,0.89609,1.50,1.50
2011.06.05 21:30:54.454,0.89492,0.89596,1.50,1.13
2011.06.05 21:30:58.495,0.89492,0.89596,1.50,1.13
2011.06.05 21:31:01.106,0.89492,0.89601,1.50,1.13
2011.06.05 21:31:01.214,0.89497,0.89601,1.50,1.13
2011.06.05 21:31:02.384,0.89491,0.89601,1.50,1.13
2011.06.05 21:31:02.494,0.89491,0.89596,1.50,1.13
2011.06.05 21:31:05.375,0.89496,0.89599,1.50,1.13
2011.06.05 21:31:05.484,0.89496,0.89601,1.50,1.13
2011.06.05 21:31:06.525,0.89502,0.89601,1.50,1.13
2011.06.05 21:31:09.134,0.89498,0.89599,2.85,1.13
2011.06.05 21:31:09.244,0.89498,0.89599,2.10,1.13
2011.06.05 21:31:09.464,0.89432,0.89599,1.13,1.13
2011.06.05 21:31:09.984,0.89426,0.89599,1.50,1.13
2011.06.05 21:31:10.988,0.89432,0.89599,1.13,1.13
2011.06.05 21:31:13.126,0.89432,0.89599,1.13,1.13
2011.06.05 21:31:13.684,0.89432,0.89599,1.13,1.13
2011.06.05 21:31:14.026,0.89458,0.89599,2.10,1.13
2011.06.05 21:31:16.206,0.89458,0.89599,2.85,1.13
2011.06.05 21:31:16.925,0.89457,0.89599,2.85,1.13
2011.06.05 21:31:17.312,0.89478,0.89599,2.10,1.13
2011.06.05 21:31:18.516,0.89478,0.89599,2.10,1.13
2011.06.05 21:31:19.456,0.89478,0.89599,2.10,1.13
2011.06.05 21:31:28.476,0.89478,0.89599,2.10,1.13
2011.06.05 21:31:28.593,0.89478,0.89599,2.10,1.13
2011.06.05 21:31:30.456,0.89478,0.89599,2.10,1.13
2011.06.05 21:31:54.514,0.89478,0.89599,2.10,1.13
2011.06.05 21:31:54.624,0.89478,0.89599,2.10,1.13
2011.06.05 21:31:56.465,0.89478,0.89599,2.10,1.13
2011.06.05 21:32:25.176,0.89478,0.89599,2.10,1.13
2011.06.05 21:32:26.245,0.89478,0.89599,2.10,1.13
2011.06.05 21:32:26.754,0.89478,0.89599,2.85,1.13
2011.06.05 21:32:26.891,0.89478,0.89599,2.10,1.13
2011.06.05 21:32:28.504,0.89478,0.89599,2.10,1.13
2011.06.05 21:32:35.735,0.89478,0.89599,2.10,1.13
2011.06.05 21:33:04.365,0.89478,0.89599,2.85,1.13
2011.06.05 21:33:05.498,0.89478,0.89599,2.85,1.13
2011.06.05 21:33:06.487,0.89478,0.89599,2.85,1.13
2011.06.05 21:33:15.677,0.89478,0.89599,2.85,1.13
2011.06.05 21:33:15.902,0.89478,0.89599,2.10,1.13
2011.06.05 21:33:16.640,0.89478,0.89599,2.10,1.13
2011.06.05 21:33:17.524,0.89478,0.89599,2.10,1.13
2011.06.05 21:33:19.417,0.89478,0.89599,2.85,1.13
2011.06.05 21:33:21.387,0.89478,0.89599,2.85,1.13
2011.06.05 21:33:37.461,0.89478,0.89599,2.10,1.13
2011.06.05 21:33:37.706,0.89466,0.8958,1.50,1.13
2011.06.05 21:33:42.705,0.89457,0.8958,2.10,1.13
2011.06.05 21:33:42.925,0.89436,0.8958,1.50,1.13
2011.06.05 21:33:48.395,0.89443,0.89583,1.13,1.13
2011.06.05 21:33:48.504,0.89497,0.89583,2.10,1.13
2011.06.05 21:33:52.465,0.89497,0.89584,2.85,1.13
2011.06.05 21:34:17.392,0.89497,0.89583,2.85,1.13
2011.06.05 21:34:20.367,0.89497,0.89584,2.10,1.13
2011.06.05 21:34:26.298,0.89497,0.89589,2.85,1.50
2011.06.05 21:34:28.496,0.89497,0.89583,2.85,1.13
2011.06.05 21:34:35.053,0.89497,0.8958,2.85,1.13
2011.06.05 21:34:38.255,0.89497,0.89597,2.85,1.13
2011.06.05 21:34:43.081,0.89497,0.89598,2.85,1.13
2011.06.05 21:34:43.409,0.89497,0.89599,2.10,1.13
2011.06.05 21:34:43.631,0.89497,0.89604,2.85,1.50
2011.06.05 21:34:48.555,0.89497,0.89603,2.85,1.50
2011.06.05 21:34:49.946,0.89497,0.89599,2.85,1.13
2011.06.05 21:34:50.318,0.89497,0.89599,2.85,1.13
2011.06.05 21:34:52.475,0.89497,0.89597,2.85,1.13
2011.06.05 21:35:00.288,0.89497,0.89599,2.85,1.13
2011.06.05 21:35:00.927,0.89497,0.89598,2.85,1.13
2011.06.05 21:35:02.466,0.89497,0.89597,2.85,1.13
2011.06.05 21:35:03.077,0.89497,0.89597,2.85,1.13
2011.06.05 21:35:07.745,0.89497,0.89599,2.85,1.13
2011.06.05 21:35:09.515,0.89497,0.89597,2.85,1.13
2011.06.05 21:35:17.765,0.89497,0.89597,2.85,1.13
2011.06.05 21:35:17.928,0.89497,0.89604,2.85,1.50
2011.06.05 21:35:18.918,0.89497,0.89603,2.85,1.50
2011.06.05 21:35:19.138,0.89497,0.89598,2.85,1.13
2011.06.05 21:35:21.584,0.89497,0.89597,2.85,1.13
2011.06.05 21:35:33.495,0.89537,0.89624,2.10,1.50
2011.06.05 21:35:34.387,0.89537,0.89618,2.10,1.50
2011.06.05 21:35:34.604,0.89507,0.89608,1.50,1.50
2011.06.05 21:35:35.787,0.89503,0.89608,1.13,1.13
2011.06.05 21:35:36.005,0.89496,0.89608,1.50,1.13
2011.06.05 21:35:45.535,0.89492,0.89608,1.50,1.13
2011.06.05 21:35:46.130,0.89496,0.89608,1.50,1.13
2011.06.05 21:35:46.374,0.89487,0.89613,2.85,2.85
2011.06.05 21:35:46.484,0.89487,0.89613,2.10,2.85
2011.06.05 21:35:46.595,0.89477,0.89603,2.48,2.85
2011.06.05 21:35:47.044,0.89477,0.89603,2.48,2.85
2011.06.05 21:35:47.585,0.89477,0.89603,2.48,2.85
2011.06.05 21:35:47.955,0.89477,0.89603,2.48,2.10
2011.06.05 21:35:50.525,0.89407,0.89593,2.85,2.10
2011.06.05 21:35:51.446,0.89407,0.89593,2.85,2.10
2011.06.05 21:35:52.555,0.89407,0.89593,2.85,2.85
2011.06.05 21:35:53.545,0.89407,0.89593,2.85,2.85
2011.06.05 21:36:09.936,0.89407,0.89593,2.85,2.10
2011.06.05 21:36:10.478,0.89457,0.89623,2.10,2.85
2011.06.05 21:36:10.985,0.89407,0.89613,2.85,2.85
2011.06.05 21:36:11.095,0.89457,0.89613,2.10,2.85
2011.06.05 21:36:11.205,0.89457,0.89613,2.10,2.10
2011.06.05 21:36:11.315,0.89517,0.89623,2.10,2.85
2011.06.05 21:36:11.534,0.89517,0.89623,2.10,2.10
2011.06.05 21:36:18.365,0.89528,0.89652,2.10,2.10
2011.06.05 21:36:18.585,0.89457,0.89653,2.10,2.10
2011.06.05 21:36:19.005,0.89538,0.89652,2.10,2.10
2011.06.05 21:36:20.155,0.89458,0.89652,2.10,2.10
2011.06.05 21:36:24.456,0.89458,0.89652,2.85,2.10
2011.06.05 21:36:24.784,0.89498,0.89652,2.10,2.10
2011.06.05 21:36:48.155,0.89528,0.89652,2.10,2.10
2011.06.05 21:36:48.645,0.89518,0.89622,2.10,2.10
2011.06.05 21:36:53.426,0.89497,0.89613,2.10,2.10
2011.06.05 21:36:54.115,0.89458,0.89612,2.10,2.10
2011.06.05 21:37:04.105,0.89488,0.89612,2.10,2.10
2011.06.05 21:37:59.974,0.89488,0.89612,2.85,2.10
2011.06.05 21:38:00.696,0.89517,0.89633,2.10,2.85
2011.06.05 21:38:01.477,0.89517,0.89633,2.10,2.85
2011.06.05 21:38:01.977,0.89517,0.89633,2.10,2.85
2011.06.05 21:38:02.467,0.89517,0.89633,2.85,2.10
2011.06.05 21:38:03.456,0.89517,0.89633,2.85,2.10
2011.06.05 21:38:04.446,0.89517,0.89633,2.85,2.10
2011.06.05 21:38:05.546,0.89517,0.89633,2.85,2.85
2011.06.05 21:38:10.606,0.89517,0.89633,2.85,2.85
2011.06.05 21:38:11.005,0.89517,0.89633,2.85,2.85
2011.06.05 21:38:12.325,0.89517,0.89633,2.85,2.85
2011.06.05 21:38:12.476,0.89517,0.89633,2.85,2.10
2011.06.05 21:38:13.006,0.89517,0.89633,2.85,2.85
2011.06.05 21:38:13.357,0.89517,0.89633,2.85,2.85
2011.06.05 21:38:13.476,0.89517,0.89633,2.85,2.85
2011.06.05 21:38:13.686,0.89517,0.89633,2.85,2.85
2011.06.05 21:38:15.446,0.89517,0.89633,2.85,2.85
2011.06.05 21:38:15.886,0.89517,0.89633,2.85,2.85
2011.06.05 21:38:22.465,0.89517,0.89633,2.85,2.85
2011.06.05 21:38:22.575,0.89538,0.89632,2.10,2.85
2011.06.05 21:38:23.477,0.89538,0.89632,2.85,2.85
2011.06.05 21:38:24.466,0.89538,0.89632,2.10,2.85
2011.06.05 21:38:25.457,0.89538,0.89632,2.85,2.85
2011.06.05 21:38:37.486,0.89538,0.89632,2.85,2.85
2011.06.05 21:38:43.776,0.89537,0.89643,2.85,2.10
2011.06.05 21:38:43.885,0.89537,0.89673,2.85,2.85
2011.06.05 21:38:46.537,0.89537,0.89673,2.85,2.85
2011.06.05 21:38:48.447,0.89537,0.89673,2.85,2.85
2011.06.05 21:38:53.874,0.89528,0.89672,2.85,2.85
2011.06.05 21:38:55.405,0.89517,0.89663,2.85,2.85
2011.06.05 21:38:55.656,0.89517,0.89663,2.85,2.85
2011.06.05 21:38:56.645,0.89518,0.89652,2.85,2.10
2011.06.05 21:38:56.977,0.89518,0.89652,2.85,2.10
2011.06.05 21:38:59.527,0.89532,0.89652,1.50,2.48
2011.06.05 21:39:02.695,0.89527,0.89659,2.85,1.50
2011.06.05 21:39:31.216,0.89537,0.89653,1.50,1.50
2011.06.05 21:39:32.485,0.89538,0.89642,2.85,2.85
2011.06.05 21:39:43.285,0.89542,0.89633,1.13,1.13
2011.06.05 21:39:44.496,0.89542,0.89631,1.13,1.13
2011.06.05 21:39:45.487,0.89541,0.89631,1.13,1.13
2011.06.05 21:39:55.447,0.89544,0.89631,1.13,1.13
2011.06.05 21:39:56.697,0.89541,0.89631,1.13,1.13
2011.06.05 21:39:58.025,0.89539,0.89628,1.13,1.13
2011.06.05 21:40:00.477,0.89537,0.89627,1.13,1.13
2011.06.05 21:40:11.148,0.89536,0.89627,1.13,1.13
2011.06.05 21:40:19.516,0.89537,0.89627,1.13,1.13
2011.06.05 21:40:19.787,0.89528,0.89627,2.85,1.13
2011.06.05 21:40:21.487,0.89532,0.89627,1.50,1.13
2011.06.05 21:40:24.400,0.89528,0.89627,2.85,1.13
2011.06.05 21:40:25.677,0.89537,0.89627,1.13,1.13
2011.06.05 21:40:27.595,0.89537,0.89627,1.13,1.13
2011.06.05 21:40:28.528,0.89539,0.89627,1.13,1.13
2011.06.05 21:40:29.517,0.89537,0.89627,1.13,1.13
2011.06.05 21:40:46.157,0.89537,0.89631,1.50,1.13
2011.06.05 21:40:46.265,0.89541,0.89631,1.13,1.13
2011.06.05 21:41:10.168,0.89537,0.89631,2.85,1.13
2011.06.05 21:41:11.208,0.89542,0.89631,1.13,1.13
2011.06.05 21:41:12.687,0.89537,0.89631,2.85,1.13
2011.06.05 21:41:12.795,0.89536,0.89626,1.13,1.13
2011.06.05 21:41:14.626,0.89536,0.89629,1.13,1.13
2011.06.05 21:41:15.547,0.89537,0.89626,1.13,1.13
2011.06.05 21:41:20.399,0.8953,0.89625,1.13,1.13
2011.06.05 21:41:20.505,0.89527,0.89628,2.48,1.13
2011.06.05 21:41:21.105,0.89527,0.89628,2.10,1.50
2011.06.05 21:41:22.204,0.89518,0.89622,2.85,2.48
2011.06.05 21:41:24.646,0.89518,0.89622,2.48,2.10
2011.06.05 21:41:24.865,0.89537,0.89629,2.10,1.50
2011.06.05 21:41:24.997,0.89521,0.89623,1.13,2.48
2011.06.05 21:41:25.705,0.89527,0.89629,2.10,1.50
2011.06.05 21:41:27.475,0.89527,0.89633,2.85,4.80
2011.06.05 21:41:34.967,0.89527,0.89633,2.85,4.80
2011.06.05 21:41:35.237,0.89527,0.89633,2.85,2.85
2011.06.05 21:41:50.275,0.89527,0.8963,2.10,1.13
2011.06.05 21:41:50.407,0.89528,0.89622,2.10,2.10
2011.06.05 21:41:59.610,0.89528,0.89622,2.85,2.10
2011.06.05 21:42:16.878,0.89528,0.89622,2.85,2.85
2011.06.05 21:42:17.711,0.89518,0.89622,2.85,2.85
2011.06.05 21:42:19.456,0.89518,0.89619,2.85,1.50
2011.06.05 21:42:30.625,0.89528,0.89622,2.85,2.10
2011.06.05 21:42:37.977,0.89528,0.89622,2.10,2.10
2011.06.05 21:44:16.401,0.89528,0.89622,2.10,2.48
2011.06.05 21:44:17.478,0.89527,0.89628,2.85,1.50
2011.06.05 21:44:18.466,0.89527,0.89628,2.85,1.50
2011.06.05 21:44:40.467,0.89527,0.89628,2.85,1.50
2011.06.05 21:44:41.705,0.89528,0.89628,2.10,1.50
2011.06.05 21:44:42.036,0.89528,0.89628,2.85,1.50
2011.06.05 21:44:51.907,0.89528,0.89628,2.10,1.50
2011.06.05 21:44:52.016,0.89528,0.89628,2.10,1.50
2011.06.05 21:44:52.621,0.89517,0.89623,2.85,2.85
2011.06.05 21:44:54.747,0.89517,0.89618,2.85,1.50
2011.06.05 21:44:56.677,0.89517,0.89623,2.85,2.85
2011.06.05 21:44:56.786,0.89517,0.89623,2.85,2.85
2011.06.05 21:45:01.390,0.89521,0.89613,1.13,2.48
2011.06.05 21:45:03.041,0.89521,0.89615,1.50,1.13
2011.06.05 21:45:03.549,0.89521,0.89615,1.50,1.13
2011.06.05 21:45:04.537,0.89526,0.89615,1.13,1.13
2011.06.05 21:45:20.735,0.89532,0.89623,1.50,2.10
2011.06.05 21:45:20.956,0.89537,0.89632,2.85,1.13
2011.06.05 21:45:22.467,0.89541,0.89632,1.13,1.13
2011.06.05 21:45:22.628,0.89537,0.89629,2.85,1.50
2011.06.05 21:45:22.736,0.89537,0.89624,2.10,1.13
2011.06.05 21:45:22.955,0.89531,0.89624,1.13,1.13
2011.06.05 21:45:24.186,0.89537,0.89632,1.50,2.10
2011.06.05 21:45:24.295,0.89547,0.89644,2.85,1.13
2011.06.05 21:45:24.406,0.89547,0.89638,2.10,1.50
2011.06.05 21:45:24.625,0.89531,0.89632,1.13,2.85
2011.06.05 21:45:27.527,0.89532,0.89622,1.13,1.13
2011.06.05 21:45:30.138,0.89532,0.89628,1.50,1.50
2011.06.05 21:45:30.466,0.89532,0.89628,1.13,1.50
2011.06.05 21:45:32.416,0.89531,0.89622,1.13,1.13
2011.06.05 21:45:43.226,0.89531,0.89629,1.50,1.50
2011.06.05 21:45:43.445,0.89531,0.89629,1.13,1.50
2011.06.05 21:45:45.488,0.89532,0.89623,1.13,1.13
2011.06.05 21:46:12.016,0.89536,0.89632,1.50,2.10
2011.06.05 21:46:12.236,0.89547,0.89644,2.85,1.13
2011.06.05 21:46:13.527,0.89547,0.89644,4.80,1.13
2011.06.05 21:46:14.196,0.89556,0.89652,1.50,1.13
2011.06.05 21:46:15.253,0.89557,0.89652,2.85,1.13
2011.06.05 21:46:15.469,0.89557,0.89654,2.85,1.13
2011.06.05 21:46:15.589,0.89557,0.89652,2.85,1.13
2011.06.05 21:46:15.911,0.89557,0.89653,2.85,1.13
2011.06.05 21:46:16.506,0.89577,0.89669,2.48,1.13
2011.06.05 21:46:16.855,0.89577,0.89669,2.48,1.13
2011.06.05 21:46:16.965,0.89577,0.89669,2.48,1.13
2011.06.05 21:46:17.576,0.89577,0.89669,2.48,1.13
2011.06.05 21:46:17.686,0.89577,0.89669,2.48,1.13
2011.06.05 21:46:18.442,0.89577,0.89669,2.48,1.13
2011.06.05 21:46:18.661,0.89577,0.89669,2.48,1.13
2011.06.05 21:46:19.029,0.89605,0.8969,2.85,1.13
2011.06.05 21:46:19.430,0.89608,0.89703,2.85,1.50
2011.06.05 21:46:20.236,0.89608,0.89703,2.10,1.50
2011.06.05 21:46:20.456,0.89578,0.89699,2.85,1.50
2011.06.05 21:46:20.597,0.89578,0.89699,2.85,1.50
2011.06.05 21:46:21.137,0.89578,0.89698,2.10,1.50
2011.06.05 21:46:21.688,0.89568,0.89672,2.85,2.85
2011.06.05 21:46:23.508,0.89568,0.89664,2.85,1.13
2011.06.05 21:46:23.946,0.89568,0.89672,2.85,2.85
2011.06.05 21:46:24.056,0.89578,0.89698,2.85,1.50
2011.06.05 21:46:26.756,0.89578,0.89688,2.10,1.50
2011.06.05 21:46:26.865,0.89567,0.89673,2.85,2.85
2011.06.05 21:46:28.138,0.89567,0.89673,2.85,2.10
2011.06.05 21:46:28.988,0.89577,0.89683,2.85,1.50
2011.06.05 21:46:30.756,0.89567,0.89673,2.85,2.85
2011.06.05 21:46:31.046,0.89567,0.89673,4.80,2.48
2011.06.05 21:46:33.578,0.89577,0.89673,2.85,1.13
2011.06.05 21:46:33.907,0.89577,0.89684,2.85,1.50
2011.06.05 21:46:34.595,0.89578,0.89672,2.85,2.10
2011.06.05 21:46:34.705,0.89578,0.89672,2.85,2.85
2011.06.05 21:46:38.378,0.89578,0.89672,2.85,2.10
2011.06.05 21:46:38.596,0.89578,0.89677,2.85,1.13
2011.06.05 21:46:41.658,0.89582,0.89682,1.50,2.85
2011.06.05 21:46:41.766,0.89587,0.89688,2.85,1.50
2011.06.05 21:46:42.267,0.89587,0.89676,2.85,1.13
2011.06.05 21:46:42.909,0.89587,0.89676,2.85,1.13
2011.06.05 21:46:44.298,0.89587,0.89676,2.85,1.13
2011.06.05 21:46:44.406,0.89587,0.89689,2.85,1.13
2011.06.05 21:46:45.948,0.89597,0.89689,2.85,1.13
2011.06.05 21:46:46.488,0.89597,0.89689,4.80,1.13
2011.06.05 21:46:46.998,0.89597,0.89689,2.85,1.13
2011.06.05 21:46:47.437,0.89597,0.89693,2.85,2.48
2011.06.05 21:46:48.467,0.89597,0.89689,2.85,1.13
2011.06.05 21:46:53.509,0.89597,0.89689,2.85,1.13
2011.06.05 21:46:55.050,0.89597,0.89689,2.85,1.13
2011.06.05 21:46:58.458,0.89597,0.89689,2.48,1.13
2011.06.05 21:46:58.578,0.89597,0.89689,2.48,1.13
2011.06.05 21:47:07.479,0.89597,0.89689,2.48,1.13
2011.06.05 21:47:08.507,0.89597,0.89689,2.48,1.13
2011.06.05 21:47:09.497,0.89597,0.89689,2.48,1.13
2011.06.05 21:47:27.059,0.89597,0.89689,3.23,1.13
2011.06.05 21:47:28.209,0.89601,0.89689,1.13,1.13
2011.06.05 21:47:29.959,0.89601,0.89689,1.13,1.13
2011.06.05 21:47:30.079,0.89601,0.89689,1.13,1.13
2011.06.05 21:47:30.376,0.89595,0.89684,1.13,1.13
2011.06.05 21:47:30.486,0.89595,0.89684,1.13,1.13
2011.06.05 21:47:30.799,0.89591,0.89684,1.13,1.13
2011.06.05 21:47:31.607,0.89595,0.89684,1.13,1.13
2011.06.05 21:47:31.716,0.89596,0.89688,1.50,1.13
2011.06.05 21:47:33.437,0.89602,0.89688,1.13,1.13
2011.06.05 21:47:33.658,0.89597,0.89688,2.85,1.13
2011.06.05 21:47:36.447,0.89602,0.89688,1.13,1.13
2011.06.05 21:47:40.189,0.89596,0.89685,1.13,1.13
2011.06.05 21:47:40.518,0.89596,0.89685,1.13,1.13
2011.06.05 21:47:41.226,0.89596,0.89688,1.50,1.13
2011.06.05 21:47:41.556,0.89597,0.89682,2.10,1.13
2011.06.05 21:47:41.666,0.89591,0.89682,1.13,1.13
2011.06.05 21:47:42.388,0.89587,0.89682,3.23,1.13
2011.06.05 21:47:42.496,0.89587,0.89678,3.23,1.13
2011.06.05 21:47:43.007,0.89579,0.8967,1.13,1.13
2011.06.05 21:47:44.038,0.89579,0.8967,1.13,1.13
2011.06.05 21:47:44.366,0.89591,0.89672,1.50,2.10
2011.06.05 21:47:44.476,0.89598,0.89695,2.85,1.13
2011.06.05 21:47:46.456,0.89604,0.89695,1.13,1.13
2011.06.05 21:47:47.446,0.89604,0.89695,1.13,1.13
2011.06.05 21:47:57.458,0.89604,0.89695,1.13,1.13
2011.06.05 21:47:57.566,0.89601,0.89695,1.13,1.13
2011.06.05 21:47:58.059,0.89604,0.89695,1.13,1.13
2011.06.05 21:48:00.596,0.89604,0.89695,1.13,1.13
2011.06.05 21:48:08.705,0.89598,0.89674,2.48,1.13
2011.06.05 21:48:26.841,0.8958,0.89669,1.13,1.13
2011.06.05 21:48:26.946,0.8958,0.89669,1.13,1.13
2011.06.05 21:48:28.119,0.8958,0.89669,1.13,1.13
2011.06.05 21:48:28.546,0.8958,0.89669,1.13,1.13
2011.06.05 21:48:29.190,0.8958,0.89669,1.13,1.13
2011.06.05 21:48:29.516,0.8958,0.89669,1.13,1.13
2011.06.05 21:48:29.887,0.8958,0.89669,1.13,1.13
2011.06.05 21:48:30.766,0.89577,0.89653,2.85,1.13
2011.06.05 21:48:44.026,0.89576,0.89662,1.50,2.85
2011.06.05 21:48:44.356,0.89568,0.8965,2.85,1.13
2011.06.05 21:48:44.479,0.89571,0.89654,1.50,1.13
2011.06.05 21:48:45.526,0.89568,0.8965,2.85,1.13
2011.06.05 21:49:33.537,0.89572,0.89653,1.50,1.13
2011.06.05 21:49:33.646,0.89572,0.89653,1.50,1.13
2011.06.05 21:49:38.168,0.89577,0.89652,1.50,1.13
2011.06.05 21:49:38.488,0.89576,0.89654,1.50,1.13
2011.06.05 21:50:02.056,0.89574,0.89672,1.13,2.85
2011.06.05 21:50:02.166,0.89578,0.89672,2.10,2.85
2011.06.05 21:50:10.828,0.89578,0.89669,2.85,1.13
2011.06.05 21:50:13.857,0.89578,0.89664,2.85,1.13
2011.06.05 21:50:16.956,0.89578,0.89666,2.85,1.13
2011.06.05 21:50:17.968,0.89578,0.89664,2.85,1.13
2011.06.05 21:50:19.359,0.89578,0.89655,2.10,1.13
2011.06.05 21:50:19.466,0.89578,0.89655,2.10,1.13
2011.06.05 21:50:19.576,0.89562,0.89652,1.50,2.85
2011.06.05 21:50:20.391,0.89561,0.89652,1.50,2.85
2011.06.05 21:50:20.953,0.89561,0.89652,1.13,2.85
2011.06.05 21:50:21.606,0.89562,0.89652,1.13,2.85
2011.06.05 21:50:22.126,0.89562,0.89649,1.13,1.13
2011.06.05 21:50:23.527,0.89561,0.89649,1.13,1.13
2011.06.05 21:50:24.256,0.89578,0.89654,2.10,1.50
2011.06.05 21:50:24.366,0.89578,0.89659,2.85,1.13
2011.06.05 21:50:25.508,0.89578,0.89659,2.85,1.13
2011.06.05 21:50:27.496,0.89578,0.89672,2.85,2.85
2011.06.05 21:50:29.566,0.89581,0.89675,1.50,1.13
2011.06.05 21:50:46.468,0.89581,0.89674,1.13,1.13
2011.06.05 21:50:47.409,0.89581,0.89679,1.50,1.13
2011.06.05 21:50:47.517,0.89582,0.89679,1.50,1.13
2011.06.05 21:50:49.488,0.89588,0.89679,2.85,1.13
2011.06.05 21:50:54.246,0.89588,0.89665,2.85,1.13
2011.06.05 21:51:14.169,0.89578,0.89672,2.85,1.13
2011.06.05 21:51:15.488,0.89578,0.89672,2.85,3.23
2011.06.05 21:51:18.958,0.89578,0.89672,2.85,3.23
2011.06.05 21:51:22.639,0.89578,0.89655,2.85,1.13
2011.06.05 21:51:23.469,0.89567,0.89655,4.80,1.13
2011.06.05 21:51:27.996,0.89567,0.89655,2.85,1.13
2011.06.05 21:51:28.106,0.89567,0.89656,2.10,1.13
2011.06.05 21:51:28.844,0.89552,0.89656,1.50,1.13
2011.06.05 21:51:34.032,0.89551,0.89647,1.50,1.13
2011.06.05 21:51:39.467,0.89548,0.89639,2.85,1.13
2011.06.05 21:51:40.457,0.89552,0.89639,1.50,1.13
2011.06.05 21:51:41.889,0.89548,0.89639,2.85,1.13
2011.06.05 21:51:41.996,0.89548,0.89639,2.85,1.13
2011.06.05 21:51:53.496,0.89548,0.89639,2.85,1.13
2011.06.05 21:51:53.606,0.89548,0.89633,2.85,1.13
2011.06.05 21:51:55.528,0.89547,0.89633,4.80,1.13
2011.06.05 21:52:03.776,0.89547,0.89638,3.23,1.13
2011.06.05 21:52:06.166,0.89546,0.89639,1.50,1.13
2011.06.05 21:52:10.707,0.89548,0.89642,2.85,3.23
2011.06.05 21:52:36.660,0.89552,0.89642,1.13,3.23
2011.06.05 21:53:36.831,0.89548,0.89642,3.80,2.48
2011.06.05 21:53:38.479,0.89548,0.89642,2.85,3.23
2011.06.05 21:53:52.120,0.89548,0.89642,2.85,3.23
2011.06.05 21:53:52.447,0.89551,0.89642,1.50,3.23
2011.06.05 21:53:53.488,0.89552,0.89642,1.13,3.23
2011.06.05 21:53:58.208,0.89551,0.89642,1.50,3.23
2011.06.05 21:53:59.528,0.89551,0.89642,1.50,1.13
2011.06.05 21:54:00.517,0.89556,0.89642,1.13,1.13
2011.06.05 21:54:00.909,0.89556,0.89642,1.13,1.13
2011.06.05 21:54:02.087,0.89557,0.89648,1.13,1.13
2011.06.05 21:54:03.488,0.8956,0.89648,1.13,1.13
2011.06.05 21:54:09.447,0.89561,0.8965,1.13,1.13
2011.06.05 21:54:09.667,0.89558,0.89647,2.48,1.13
2011.06.05 21:54:10.747,0.89561,0.89651,1.13,1.13
2011.06.05 21:54:20.650,0.89562,0.89651,1.13,1.13
2011.06.05 21:54:24.668,0.89562,0.89651,1.13,1.13
2011.06.05 21:54:34.900,0.89562,0.89651,1.13,1.13
2011.06.05 21:54:40.559,0.89562,0.89652,1.13,2.48
2011.06.05 21:54:40.667,0.89562,0.89651,1.13,1.13
2011.06.05 21:54:40.777,0.89562,0.89651,1.13,1.13
2011.06.05 21:54:41.111,0.89562,0.89651,1.13,1.13
2011.06.05 21:54:42.067,0.89562,0.89651,1.13,1.13
2011.06.05 21:54:42.469,0.89568,0.89652,1.13,2.85
2011.06.05 21:54:42.686,0.89567,0.89656,1.13,1.13
2011.06.05 21:54:42.796,0.89568,0.89656,1.13,1.13
2011.06.05 21:54:43.150,0.89566,0.89656,1.13,1.13
2011.06.05 21:54:43.268,0.89568,0.89656,1.13,1.13
2011.06.05 21:54:44.518,0.89568,0.89656,1.13,1.13
2011.06.05 21:54:44.798,0.89568,0.89656,1.13,1.13
2011.06.05 21:54:46.027,0.89568,0.89656,1.13,1.13
2011.06.05 21:55:02.320,0.89568,0.89656,1.13,1.13
2011.06.05 21:55:08.767,0.89571,0.8966,1.13,1.13
2011.06.05 21:55:10.458,0.89572,0.8966,1.13,1.13
2011.06.05 21:55:11.779,0.89572,0.8966,1.13,1.13
2011.06.05 21:55:12.199,0.89582,0.89663,1.50,2.85
2011.06.05 21:55:12.307,0.89587,0.89686,2.85,1.13
2011.06.05 21:55:13.540,0.89592,0.89686,1.50,1.13
2011.06.05 21:55:15.518,0.89597,0.89686,1.13,1.13
2011.06.05 21:55:18.379,0.89597,0.89686,1.13,1.13
2011.06.05 21:55:26.189,0.89597,0.89686,1.13,1.13
2011.06.05 21:55:45.548,0.89593,0.89681,1.13,1.13
2011.06.05 21:56:15.862,0.89592,0.89681,1.13,1.13
2011.06.05 21:56:16.447,0.89591,0.89681,1.13,1.13
2011.06.05 21:56:27.659,0.89593,0.89681,1.13,1.13
2011.06.05 21:57:08.147,0.89593,0.89681,1.13,1.13
2011.06.05 21:57:08.257,0.89596,0.89685,1.13,1.13
2011.06.05 21:57:09.448,0.89598,0.89685,1.13,1.13
2011.06.05 21:57:10.640,0.89601,0.89689,1.13,1.13
2011.06.05 21:57:10.747,0.89601,0.89689,1.13,1.13
2011.06.05 21:57:11.187,0.89606,0.89692,1.13,2.85
2011.06.05 21:57:12.200,0.8961,0.89697,1.13,1.13
2011.06.05 21:57:12.718,0.89611,0.89702,1.13,1.13
2011.06.05 21:57:14.509,0.89614,0.89702,1.13,1.13
2011.06.05 21:57:15.168,0.89614,0.89702,1.13,1.13
2011.06.05 21:57:16.537,0.89619,0.89705,1.13,1.13
2011.06.05 21:57:16.757,0.89627,0.89712,1.13,2.85
2011.06.05 21:57:18.177,0.89627,0.89714,1.13,1.13
2011.06.05 21:57:19.552,0.89618,0.89715,2.85,1.13
2011.06.05 21:57:20.517,0.89618,0.89715,2.85,1.13
2011.06.05 21:57:21.168,0.89618,0.89715,2.85,1.13
2011.06.05 21:57:21.667,0.89618,0.89718,2.85,1.13
2011.06.05 21:57:22.186,0.89627,0.89718,2.85,1.13
2011.06.05 21:57:22.529,0.89627,0.89718,2.85,1.13
2011.06.05 21:57:23.297,0.89638,0.89731,2.85,1.13
2011.06.05 21:57:24.510,0.89638,0.89731,2.85,1.13
2011.06.05 21:57:26.168,0.89638,0.89731,2.85,1.13
2011.06.05 21:57:27.479,0.89637,0.89735,2.85,1.13
2011.06.05 21:57:28.198,0.89637,0.89735,2.85,1.13
2011.06.05 21:57:29.310,0.89637,0.89735,2.85,1.13
2011.06.05 21:57:29.716,0.89637,0.89738,2.48,1.13
2011.06.05 21:57:29.937,0.89648,0.89738,2.10,1.13
2011.06.05 21:57:31.567,0.89648,0.89738,2.10,1.13
2011.06.05 21:57:31.879,0.89648,0.89742,2.10,2.48
2011.06.05 21:57:31.987,0.89648,0.89742,2.10,2.10
2011.06.05 21:57:32.097,0.89658,0.89772,2.10,2.85
2011.06.05 21:57:32.616,0.89658,0.89772,2.10,2.85
2011.06.05 21:57:32.727,0.89658,0.89772,2.10,2.85
2011.06.05 21:57:32.837,0.89667,0.89773,2.10,2.85
2011.06.05 21:57:34.519,0.89667,0.89773,2.10,2.85
2011.06.05 21:57:35.547,0.89667,0.89773,2.10,2.85
2011.06.05 21:57:37.847,0.89667,0.89773,2.10,2.85
2011.06.05 21:57:37.957,0.89658,0.89762,2.10,2.85
2011.06.05 21:57:38.067,0.89658,0.89762,2.10,2.85
2011.06.05 21:57:38.506,0.89658,0.89762,2.10,2.85
2011.06.05 21:57:38.617,0.89667,0.89773,2.10,2.85
2011.06.05 21:57:39.467,0.89667,0.89773,2.10,2.85
2011.06.05 21:57:40.547,0.89667,0.89773,2.10,2.85
2011.06.05 21:57:40.859,0.89667,0.89773,2.10,2.85
2011.06.05 21:57:41.397,0.89667,0.89773,2.48,2.85
2011.06.05 21:57:41.724,0.89678,0.89774,2.10,1.13
2011.06.05 21:57:42.047,0.89667,0.89764,2.10,1.13
2011.06.05 21:57:42.758,0.89667,0.89764,2.10,1.13
2011.06.05 21:57:43.502,0.89667,0.89764,2.85,1.13
2011.06.05 21:57:43.836,0.89667,0.8976,2.10,1.13
2011.06.05 21:57:43.947,0.89667,0.8976,2.85,1.13
2011.06.05 21:57:44.707,0.89667,0.89753,2.10,1.13
2011.06.05 21:57:44.817,0.89658,0.89752,2.10,2.48
2011.06.05 21:57:46.499,0.89658,0.89752,2.85,2.10
2011.06.05 21:57:47.049,0.89668,0.89761,2.10,1.13
2011.06.05 21:57:47.577,0.89668,0.89761,2.10,1.13
2011.06.05 21:57:51.499,0.89668,0.89761,2.10,1.13
2011.06.05 21:57:52.211,0.89668,0.89761,2.10,1.13
2011.06.05 21:57:52.529,0.89668,0.89761,2.10,1.13
2011.06.05 21:57:52.708,0.89668,0.89761,2.10,1.13
2011.06.05 21:57:52.859,0.89668,0.89761,2.10,1.13
2011.06.05 21:57:53.519,0.89667,0.89773,2.10,2.85
2011.06.05 21:57:55.447,0.89667,0.89773,2.85,2.85
2011.06.05 21:57:55.556,0.89667,0.89773,2.85,2.85
2011.06.05 21:57:55.666,0.89677,0.89778,2.10,1.13
2011.06.05 21:57:56.489,0.89677,0.89778,2.10,1.13
2011.06.05 21:57:57.177,0.89677,0.89778,2.10,1.13
2011.06.05 21:57:57.314,0.89677,0.89778,2.10,1.13
2011.06.05 21:57:57.417,0.89677,0.89774,2.10,1.13
2011.06.05 21:57:57.787,0.89668,0.8976,2.10,1.13
2011.06.05 21:57:58.117,0.89668,0.8976,2.10,1.13
2011.06.05 21:57:58.430,0.89668,0.8976,2.10,1.13
2011.06.05 21:57:58.819,0.89668,0.89759,2.48,1.13
2011.06.05 21:57:59.405,0.89668,0.89759,2.48,1.13
2011.06.05 21:58:00.997,0.89668,0.89744,2.10,1.50
2011.06.05 21:58:01.107,0.89648,0.89744,2.85,1.50
2011.06.05 21:58:02.540,0.89648,0.89739,2.85,1.13
2011.06.05 21:58:02.719,0.89648,0.89739,2.85,1.13
2011.06.05 21:58:03.130,0.89648,0.89739,2.85,1.13
2011.06.05 21:58:03.237,0.89648,0.89734,2.85,1.13
2011.06.05 21:58:04.438,0.89648,0.89733,2.85,1.13
2011.06.05 21:58:04.946,0.89648,0.89742,2.85,2.85
2011.06.05 21:58:05.467,0.89648,0.89731,2.10,1.13
2011.06.05 21:58:05.687,0.89568,0.89731,2.85,1.13
2011.06.05 21:58:06.487,0.89568,0.89731,2.85,1.13
2011.06.05 21:58:06.597,0.89576,0.89731,1.50,1.13
2011.06.05 21:58:06.817,0.89627,0.89731,2.10,1.13
2011.06.05 21:58:07.520,0.89627,0.89731,2.10,1.13
2011.06.05 21:58:07.856,0.89648,0.89731,2.10,1.13
2011.06.05 21:58:17.357,0.89647,0.89743,2.10,2.85
2011.06.05 21:58:18.627,0.89647,0.89743,2.85,2.48
2011.06.05 21:58:22.600,0.89648,0.89751,2.85,1.13
2011.06.05 21:58:22.707,0.89648,0.89752,2.85,2.48
2011.06.05 21:58:25.727,0.89658,0.89752,2.10,2.85
2011.06.05 21:58:25.947,0.89648,0.89752,2.85,2.85
2011.06.05 21:58:26.547,0.89647,0.89743,2.48,2.85
2011.06.05 21:58:38.476,0.89647,0.89738,2.48,1.13
2011.06.05 21:58:39.280,0.89647,0.89734,2.10,1.13
2011.06.05 21:58:39.387,0.89638,0.89732,2.85,2.48
2011.06.05 21:58:40.237,0.89638,0.8973,2.85,1.13
2011.06.05 21:58:42.424,0.89638,0.8973,2.85,1.13
2011.06.05 21:58:42.619,0.89638,0.89725,2.48,1.13
2011.06.05 21:58:42.727,0.89638,0.89725,2.48,1.13
2011.06.05 21:58:44.196,0.89637,0.89725,1.13,1.13
2011.06.05 21:58:45.300,0.89637,0.89725,1.13,1.13
2011.06.05 21:58:45.559,0.89636,0.89725,1.13,1.13
2011.06.05 21:58:45.667,0.89631,0.89724,1.13,1.13
2011.06.05 21:58:46.617,0.89631,0.8972,1.13,1.13
2011.06.05 21:58:47.009,0.89631,0.89722,1.13,3.23
2011.06.05 21:58:48.531,0.89631,0.89722,1.13,3.23
2011.06.05 21:58:49.257,0.89631,0.89722,1.13,3.23
2011.06.05 21:58:49.937,0.89631,0.89722,1.50,2.85
2011.06.05 21:58:50.047,0.89636,0.89722,1.13,2.85
2011.06.05 21:58:50.267,0.89621,0.8971,1.50,1.13
2011.06.05 21:58:51.669,0.89621,0.89709,1.50,1.13
2011.06.05 21:59:01.903,0.89626,0.89723,1.50,2.85
2011.06.05 21:59:02.007,0.89631,0.89723,1.50,2.85
2011.06.05 21:59:03.539,0.89637,0.89726,1.13,1.13
2011.06.05 21:59:06.577,0.89634,0.89721,1.13,1.13
2011.06.05 21:59:10.309,0.89634,0.89721,1.13,1.13
2011.06.05 21:59:10.427,0.89634,0.89721,1.13,1.13
2011.06.05 21:59:10.539,0.89628,0.89721,2.85,1.13
2011.06.05 21:59:10.868,0.89628,0.89721,2.85,1.13
2011.06.05 21:59:12.448,0.89631,0.89721,1.13,1.13
2011.06.05 21:59:13.549,0.89634,0.89721,1.13,1.13
2011.06.05 21:59:14.538,0.89634,0.89721,1.13,1.13
2011.06.05 21:59:15.679,0.89628,0.89713,2.85,1.13
2011.06.05 21:59:15.787,0.89625,0.89714,1.13,1.13
2011.06.05 21:59:16.903,0.89625,0.89712,1.13,1.13
2011.06.05 21:59:18.499,0.89625,0.89712,1.13,1.13
2011.06.05 21:59:19.997,0.89625,0.89713,1.13,1.13
2011.06.05 21:59:20.218,0.89622,0.89712,1.13,1.13
2011.06.05 21:59:20.438,0.89617,0.89723,2.10,2.85
2011.06.05 21:59:20.548,0.89627,0.89723,2.10,2.85
2011.06.05 21:59:20.657,0.89547,0.89703,2.85,2.10
2011.06.05 21:59:21.468,0.89547,0.89703,2.85,2.85
2011.06.05 21:59:21.797,0.89547,0.89703,2.85,2.85
2011.06.05 21:59:21.907,0.89547,0.89693,2.85,2.10
2011.06.05 21:59:22.238,0.89547,0.89693,2.85,2.85
2011.06.05 21:59:22.347,0.89547,0.89693,2.85,2.10
2011.06.05 21:59:22.457,0.89547,0.89693,2.10,2.10
2011.06.05 21:59:22.639,0.89547,0.89693,2.85,2.85
2011.06.05 21:59:23.047,0.89548,0.89682,2.85,2.10
2011.06.05 21:59:23.737,0.89548,0.89682,2.85,2.85
2011.06.05 21:59:24.109,0.89548,0.89682,2.85,2.85
2011.06.05 21:59:25.007,0.89548,0.89682,2.85,2.85
2011.06.05 21:59:25.617,0.89548,0.89672,2.85,2.10
2011.06.05 21:59:25.727,0.89548,0.89672,2.85,2.85
2011.06.05 21:59:26.178,0.89548,0.89672,2.85,2.85
2011.06.05 21:59:28.048,0.89588,0.89692,2.10,2.85
2011.06.05 21:59:29.149,0.89588,0.89692,2.85,2.85
2011.06.05 21:59:29.537,0.89567,0.89673,1.50,2.85
2011.06.05 21:59:29.647,0.89547,0.89673,2.85,2.85
2011.06.05 21:59:30.918,0.89547,0.89673,2.85,2.85
2011.06.05 21:59:32.394,0.89547,0.89673,2.85,2.85
2011.06.05 21:59:33.549,0.89547,0.89673,2.85,2.85
2011.06.05 21:59:37.028,0.89547,0.89673,2.85,2.85
2011.06.05 21:59:38.499,0.89547,0.89663,2.85,2.85
2011.06.05 21:59:39.379,0.89547,0.89663,2.85,2.85
2011.06.05 21:59:39.777,0.89547,0.89663,2.85,2.85
2011.06.05 21:59:40.978,0.89548,0.89652,2.85,2.85
2011.06.05 21:59:41.717,0.89548,0.89652,2.85,2.85
2011.06.05 21:59:42.458,0.89547,0.89663,2.85,2.85
2011.06.05 21:59:43.567,0.89547,0.89663,2.85,2.85
2011.06.05 21:59:45.947,0.89556,0.89657,1.50,1.13
2011.06.05 21:59:46.057,0.89562,0.89657,1.50,1.13
2011.06.05 21:59:46.167,0.89568,0.89657,2.48,1.13
2011.06.05 21:59:47.189,0.89571,0.89657,1.13,1.13
2011.06.05 21:59:48.508,0.89568,0.89657,2.48,1.13
2011.06.05 21:59:49.577,0.89571,0.89657,1.13,1.13
2011.06.05 21:59:49.907,0.89571,0.89654,1.50,1.13
2011.06.05 21:59:55.429,0.89572,0.89667,1.50,1.13
2011.06.05 21:59:56.870,0.89571,0.89667,1.50,1.13
2011.06.05 21:59:58.353,0.89577,0.89667,1.13,1.13
2011.06.05 21:59:59.598,0.89577,0.89667,1.13,1.13
