2017.04.21 02:00:01.791,0.75188,0.7521,2.05,2.47
2017.04.21 02:00:01.892,0.75188,0.75209,1.00,1.00
2017.04.21 02:00:02.008,0.75188,0.75209,2.10,1.00
2017.04.21 02:00:02.159,0.75191,0.75211,1.30,1.35
2017.04.21 02:00:03.313,0.75192,0.75211,1.60,1.00
2017.04.21 02:00:03.464,0.75192,0.75213,2.10,1.30
2017.04.21 02:00:15.785,0.75194,0.75215,2.10,1.72
2017.04.21 02:00:21.775,0.75195,0.75215,1.67,1.12
2017.04.21 02:00:23.479,0.75195,0.75215,1.30,1.12
2017.04.21 02:00:29.649,0.75194,0.75215,1.67,1.50
2017.04.21 02:00:30.316,0.75195,0.75216,1.72,1.67
2017.04.21 02:00:35.164,0.75193,0.75217,3.22,1.35
2017.04.21 02:00:36.769,0.75195,0.75217,1.60,2.62
2017.04.21 02:00:38.934,0.75195,0.75217,1.60,1.87
2017.04.21 02:00:39.483,0.75195,0.75217,1.35,2.10
2017.04.21 02:00:54.329,0.75195,0.75217,1.35,2.47
2017.04.21 02:00:56.897,0.75195,0.75217,2.85,1.87
2017.04.21 02:00:56.998,0.75204,0.75218,2.10,1.87
2017.04.21 02:00:57.049,0.75204,0.75218,2.10,1.50
2017.04.21 02:00:57.150,0.75203,0.7522,1.97,1.50
2017.04.21 02:00:57.302,0.75207,0.75229,1.30,3.60
2017.04.21 02:00:57.352,0.75207,0.7523,1.12,2.10
2017.04.21 02:00:57.403,0.75207,0.75224,1.12,1.00
2017.04.21 02:00:57.554,0.75205,0.75226,1.75,1.87
2017.04.21 02:00:57.706,0.75211,0.75226,1.30,1.87
2017.04.21 02:00:57.870,0.75208,0.75231,2.10,1.12
2017.04.21 02:00:57.972,0.75212,0.75234,1.30,1.12
2017.04.21 02:00:58.357,0.75213,0.75236,1.72,1.12
2017.04.21 02:00:58.457,0.75213,0.75236,2.47,1.12
2017.04.21 02:00:58.508,0.75213,0.75231,1.35,1.00
2017.04.21 02:01:00.356,0.75211,0.75233,1.37,1.87
2017.04.21 02:01:04.952,0.7521,0.75232,1.75,1.72
2017.04.21 02:01:05.053,0.75209,0.7523,1.00,2.10
2017.04.21 02:01:05.575,0.75209,0.75231,1.00,2.47
2017.04.21 02:01:10.423,0.75209,0.75231,1.00,3.22
2017.04.21 02:01:10.974,0.75208,0.75229,1.00,1.12
2017.04.21 02:01:16.179,0.75207,0.75229,1.35,1.12
2017.04.21 02:01:16.280,0.75208,0.7523,1.37,1.50
2017.04.21 02:01:19.175,0.75209,0.75232,2.85,2.10
2017.04.21 02:01:31.148,0.75209,0.75232,1.72,2.47
2017.04.21 02:01:36.105,0.7521,0.75232,1.00,2.10
2017.04.21 02:01:38.348,0.75209,0.75232,2.10,2.47
2017.04.21 02:02:01.219,0.75208,0.7523,1.37,2.10
2017.04.21 02:02:05.153,0.75207,0.7523,2.10,2.85
2017.04.21 02:02:05.990,0.75207,0.7523,1.75,2.47
2017.04.21 02:02:08.673,0.75207,0.7523,1.12,3.60
2017.04.21 02:02:09.205,0.75206,0.75227,1.75,1.72
2017.04.21 02:02:09.820,0.75204,0.75227,2.05,1.30
2017.04.21 02:02:10.582,0.75204,0.75227,2.05,1.30
2017.04.21 02:02:11.210,0.75205,0.75226,1.12,1.00
2017.04.21 02:02:11.471,0.75205,0.75226,1.00,1.50
2017.04.21 02:02:12.421,0.75204,0.75226,2.10,1.00
2017.04.21 02:02:20.860,0.75206,0.75225,1.00,2.10
2017.04.21 02:02:20.961,0.75201,0.75222,1.37,1.35
2017.04.21 02:02:21.115,0.752,0.7522,1.12,1.60
2017.04.21 02:02:21.266,0.752,0.7522,1.37,1.35
2017.04.21 02:02:21.768,0.75202,0.75222,1.12,1.35
2017.04.21 02:02:21.919,0.75203,0.75225,1.12,2.47
2017.04.21 02:02:22.556,0.75203,0.75225,1.37,2.47
2017.04.21 02:02:29.357,0.75203,0.75225,1.37,2.85
2017.04.21 02:02:30.527,0.75203,0.75225,1.12,2.85
2017.04.21 02:02:33.735,0.75203,0.75224,1.12,1.30
2017.04.21 02:02:35.422,0.75205,0.75225,1.50,1.00
2017.04.21 02:02:35.726,0.75207,0.75229,1.37,2.85
2017.04.21 02:02:36.387,0.75207,0.75229,1.37,2.47
2017.04.21 02:02:37.348,0.75207,0.75229,1.37,2.47
2017.04.21 02:02:38.355,0.75207,0.75229,1.00,2.47
2017.04.21 02:02:38.657,0.75206,0.75229,2.10,2.85
2017.04.21 02:02:40.018,0.75208,0.75229,1.37,2.47
2017.04.21 02:02:49.909,0.75211,0.75233,1.35,1.75
2017.04.21 02:02:50.107,0.75213,0.75234,1.50,1.30
2017.04.21 02:02:53.635,0.75209,0.75233,1.87,4.35
2017.04.21 02:02:53.837,0.75208,0.7523,1.12,4.35
2017.04.21 02:02:57.199,0.75207,0.75228,1.37,1.60
2017.04.21 02:03:00.447,0.75206,0.75229,1.12,1.72
2017.04.21 02:03:00.498,0.75206,0.75229,1.75,1.72
2017.04.21 02:03:01.053,0.75207,0.75229,1.12,1.72
2017.04.21 02:03:01.803,0.75207,0.75229,1.12,1.35
2017.04.21 02:03:02.171,0.75208,0.75229,1.37,1.97
2017.04.21 02:03:06.409,0.75208,0.75228,1.50,1.30
2017.04.21 02:03:09.532,0.75207,0.75229,1.75,1.35
2017.04.21 02:03:10.767,0.75207,0.75228,1.75,1.30
2017.04.21 02:03:11.222,0.75206,0.75228,1.12,1.35
2017.04.21 02:03:11.329,0.75205,0.75226,1.75,1.60
2017.04.21 02:03:11.531,0.75203,0.75225,1.12,1.97
2017.04.21 02:03:12.261,0.75203,0.75224,1.12,1.30
2017.04.21 02:03:15.710,0.75205,0.75225,1.37,1.72
2017.04.21 02:03:15.861,0.75206,0.75226,1.37,1.35
2017.04.21 02:03:18.718,0.75206,0.75226,1.37,1.60
2017.04.21 02:03:18.870,0.75204,0.75225,1.50,1.72
2017.04.21 02:03:18.970,0.75204,0.75225,1.00,1.60
2017.04.21 02:03:19.273,0.75201,0.75223,1.67,2.25
2017.04.21 02:03:19.726,0.75202,0.75222,1.00,1.00
2017.04.21 02:03:20.350,0.75202,0.75223,1.12,3.22
2017.04.21 02:03:26.265,0.75202,0.75223,1.12,3.22
2017.04.21 02:03:29.435,0.75202,0.75223,1.00,2.47
2017.04.21 02:03:30.337,0.75202,0.75223,1.12,2.47
2017.04.21 02:03:31.217,0.75202,0.75223,1.12,1.87
2017.04.21 02:03:32.472,0.75202,0.75223,1.12,1.87
2017.04.21 02:03:33.144,0.75202,0.75223,1.00,2.47
2017.04.21 02:03:58.665,0.752,0.75221,1.37,1.00
2017.04.21 02:04:03.560,0.752,0.75221,1.67,1.00
2017.04.21 02:04:04.086,0.75201,0.75224,1.37,1.87
2017.04.21 02:04:05.464,0.75201,0.75223,1.72,1.75
2017.04.21 02:04:13.164,0.752,0.75222,1.12,1.35
2017.04.21 02:04:22.920,0.752,0.75223,1.12,1.87
2017.04.21 02:04:25.972,0.75199,0.75222,1.12,1.00
2017.04.21 02:04:26.501,0.75201,0.75223,1.00,1.12
2017.04.21 02:04:29.419,0.75199,0.75222,2.10,1.37
2017.04.21 02:04:40.003,0.75199,0.75221,1.72,1.12
2017.04.21 02:04:43.222,0.752,0.75222,1.12,1.12
2017.04.21 02:04:44.682,0.752,0.75222,1.50,1.37
2017.04.21 02:04:44.991,0.752,0.75222,1.87,1.37
2017.04.21 02:04:55.037,0.752,0.75222,1.50,1.00
2017.04.21 02:04:58.204,0.752,0.75222,2.47,1.72
2017.04.21 02:05:00.122,0.752,0.75222,1.72,1.35
2017.04.21 02:05:00.802,0.752,0.75222,1.72,1.60
2017.04.21 02:05:03.107,0.75201,0.75222,1.35,1.35
2017.04.21 02:05:04.812,0.75201,0.75222,1.00,1.60
2017.04.21 02:05:06.455,0.752,0.75222,1.50,1.35
2017.04.21 02:05:07.183,0.75201,0.75222,1.00,1.35
2017.04.21 02:05:07.634,0.75203,0.75222,1.00,1.00
2017.04.21 02:05:15.880,0.75202,0.75222,1.30,1.00
2017.04.21 02:05:23.341,0.75205,0.75222,1.67,1.00
2017.04.21 02:05:23.492,0.75207,0.75227,1.12,1.67
2017.04.21 02:05:23.593,0.75207,0.75227,1.75,1.67
2017.04.21 02:05:24.481,0.75208,0.7523,1.12,3.60
2017.04.21 02:05:25.815,0.75209,0.75229,1.37,1.30
2017.04.21 02:05:28.114,0.75209,0.7523,2.47,1.67
2017.04.21 02:05:34.017,0.7521,0.75231,2.10,1.35
2017.04.21 02:05:43.660,0.7521,0.75231,1.30,1.35
2017.04.21 02:05:46.421,0.7521,0.7523,1.72,1.37
2017.04.21 02:05:47.066,0.75211,0.75231,1.37,1.67
2017.04.21 02:05:49.718,0.75211,0.7523,1.00,1.35
2017.04.21 02:05:49.768,0.75209,0.7523,1.00,3.22
2017.04.21 02:05:50.229,0.75207,0.75227,1.37,2.85
2017.04.21 02:05:51.807,0.75206,0.75227,1.12,1.35
2017.04.21 02:05:52.008,0.75205,0.75228,1.12,3.22
2017.04.21 02:05:53.199,0.75207,0.75228,1.37,2.10
2017.04.21 02:05:58.012,0.75207,0.75227,1.37,2.47
2017.04.21 02:05:58.733,0.75204,0.75225,1.12,1.72
2017.04.21 02:05:58.834,0.75204,0.75223,1.00,1.30
2017.04.21 02:05:59.920,0.75204,0.75224,1.50,1.67
2017.04.21 02:06:00.592,0.75205,0.75225,1.37,1.60
2017.04.21 02:06:01.510,0.75205,0.75225,1.37,1.35
2017.04.21 02:06:02.613,0.75205,0.75225,1.50,1.60
2017.04.21 02:06:04.310,0.75205,0.75225,1.50,1.35
2017.04.21 02:06:06.899,0.75205,0.75225,1.50,1.60
2017.04.21 02:06:08.781,0.75205,0.75225,1.50,1.60
2017.04.21 02:06:08.876,0.75205,0.75225,1.50,1.35
2017.04.21 02:06:08.927,0.75205,0.75225,1.50,1.60
2017.04.21 02:06:13.519,0.75205,0.75225,1.37,1.60
2017.04.21 02:06:16.055,0.75203,0.75223,1.00,1.67
2017.04.21 02:06:26.016,0.75203,0.75222,1.00,1.60
2017.04.21 02:06:26.167,0.75199,0.7522,1.87,1.60
2017.04.21 02:06:26.401,0.75199,0.75218,1.12,1.60
2017.04.21 02:06:26.451,0.75197,0.75218,1.50,3.60
2017.04.21 02:06:26.815,0.75195,0.75215,1.37,1.60
2017.04.21 02:06:27.066,0.75197,0.75217,1.37,1.30
2017.04.21 02:06:27.638,0.75197,0.75218,1.37,1.97
2017.04.21 02:06:44.000,0.75197,0.75217,1.37,1.30
2017.04.21 02:06:46.638,0.75197,0.75217,1.12,1.30
2017.04.21 02:06:47.883,0.75197,0.75218,1.12,1.35
2017.04.21 02:06:48.445,0.75197,0.75218,1.12,1.60
2017.04.21 02:06:49.041,0.75197,0.75218,1.12,1.60
2017.04.21 02:06:51.396,0.75197,0.75218,1.12,1.60
2017.04.21 02:06:55.956,0.75195,0.75218,1.75,1.35
2017.04.21 02:06:58.976,0.75195,0.75216,1.75,1.30
2017.04.21 02:07:00.080,0.75195,0.75217,2.10,1.35
2017.04.21 02:07:03.806,0.75197,0.75217,1.37,1.97
2017.04.21 02:07:03.957,0.75197,0.75219,1.37,1.97
2017.04.21 02:07:04.360,0.75195,0.75216,1.67,1.72
2017.04.21 02:07:04.903,0.75194,0.75215,2.05,1.30
2017.04.21 02:07:05.125,0.75193,0.75213,1.00,1.30
2017.04.21 02:07:05.310,0.7519,0.75212,3.97,1.60
2017.04.21 02:07:05.361,0.7519,0.75212,1.87,2.10
2017.04.21 02:07:06.578,0.7519,0.75212,3.97,1.00
2017.04.21 02:07:06.629,0.75192,0.75213,1.12,1.72
2017.04.21 02:07:07.193,0.75191,0.75214,1.12,3.60
2017.04.21 02:07:07.963,0.75191,0.75211,1.37,1.30
2017.04.21 02:07:09.799,0.75191,0.75211,1.37,1.72
2017.04.21 02:07:09.951,0.75189,0.7521,1.00,1.60
2017.04.21 02:07:10.751,0.75189,0.7521,1.50,1.72
2017.04.21 02:07:10.852,0.75189,0.7521,1.00,1.72
2017.04.21 02:07:14.960,0.7519,0.7521,1.00,1.60
2017.04.21 02:07:16.211,0.7519,0.7521,1.00,1.00
2017.04.21 02:07:22.322,0.75187,0.75209,1.12,2.10
2017.04.21 02:07:22.423,0.75189,0.75209,1.00,1.35
2017.04.21 02:07:23.123,0.7519,0.7521,1.00,1.72
2017.04.21 02:07:23.697,0.7519,0.7521,1.00,1.97
2017.04.21 02:07:24.244,0.75189,0.7521,1.00,1.97
2017.04.21 02:07:26.534,0.75189,0.7521,1.37,1.97
2017.04.21 02:07:27.807,0.75189,0.7521,1.12,1.97
2017.04.21 02:07:31.488,0.75188,0.7521,1.12,1.60
2017.04.21 02:07:34.200,0.75188,0.7521,1.12,1.60
2017.04.21 02:07:37.339,0.75188,0.7521,2.05,1.60
2017.04.21 02:07:38.955,0.75188,0.7521,1.12,1.60
2017.04.21 02:07:40.196,0.75188,0.7521,1.35,1.60
2017.04.21 02:07:41.428,0.75188,0.7521,1.12,1.35
2017.04.21 02:07:42.584,0.75188,0.75209,1.12,1.30
2017.04.21 02:07:42.685,0.75188,0.75209,1.00,1.35
2017.04.21 02:07:43.196,0.75188,0.75209,1.00,1.60
2017.04.21 02:07:50.051,0.75188,0.75209,1.35,1.35
2017.04.21 02:07:50.610,0.75188,0.7521,1.30,1.35
2017.04.21 02:07:51.828,0.75187,0.7521,1.67,2.85
2017.04.21 02:07:56.010,0.75187,0.75208,1.72,1.30
2017.04.21 02:07:56.643,0.75188,0.75209,1.72,1.35
2017.04.21 02:08:05.422,0.75189,0.7521,2.10,1.37
2017.04.21 02:08:06.559,0.7519,0.7521,1.00,1.35
2017.04.21 02:08:07.116,0.75189,0.7521,2.85,1.67
2017.04.21 02:08:08.683,0.7519,0.7521,1.00,1.35
2017.04.21 02:08:16.343,0.7519,0.7521,1.12,1.67
2017.04.21 02:08:25.951,0.7519,0.7521,1.12,1.35
2017.04.21 02:08:52.422,0.7519,0.75211,1.60,1.72
2017.04.21 02:09:03.677,0.75189,0.75211,1.67,2.85
2017.04.21 02:09:06.186,0.75189,0.75211,1.35,2.47
2017.04.21 02:09:10.763,0.75189,0.75211,1.35,2.85
2017.04.21 02:09:17.366,0.75189,0.7521,1.00,2.10
2017.04.21 02:09:17.417,0.75189,0.75209,1.00,2.10
2017.04.21 02:09:18.496,0.75189,0.75207,1.00,2.10
2017.04.21 02:09:19.045,0.75189,0.75208,1.00,2.10
2017.04.21 02:09:19.857,0.75189,0.75207,1.00,2.10
2017.04.21 02:09:23.395,0.75189,0.75206,1.00,2.10
2017.04.21 02:09:23.896,0.75184,0.75207,1.75,2.47
2017.04.21 02:09:24.410,0.75184,0.75206,2.10,2.10
2017.04.21 02:09:24.662,0.75182,0.75205,1.35,1.30
2017.04.21 02:09:24.927,0.75182,0.75205,1.35,2.47
2017.04.21 02:09:24.978,0.75184,0.75204,1.00,2.47
2017.04.21 02:09:25.483,0.7518,0.75204,1.75,2.85
2017.04.21 02:09:26.077,0.7518,0.75203,1.75,2.47
2017.04.21 02:09:30.909,0.75183,0.75203,1.37,2.47
2017.04.21 02:09:31.411,0.75181,0.75202,1.12,2.10
2017.04.21 02:09:31.701,0.7518,0.75202,1.87,2.85
2017.04.21 02:09:32.310,0.7518,0.75202,1.87,2.85
2017.04.21 02:09:33.028,0.75181,0.75202,1.12,2.10
2017.04.21 02:09:33.844,0.75181,0.75204,1.72,2.47
2017.04.21 02:09:34.385,0.75181,0.75203,1.37,1.30
2017.04.21 02:09:36.386,0.75181,0.75205,2.10,4.35
2017.04.21 02:09:37.435,0.75182,0.75203,1.67,1.30
2017.04.21 02:09:39.253,0.75183,0.75204,1.35,1.30
2017.04.21 02:09:39.405,0.75186,0.75208,1.30,1.87
2017.04.21 02:09:39.912,0.75186,0.7521,1.72,2.05
2017.04.21 02:09:39.963,0.75186,0.75208,1.97,1.67
2017.04.21 02:09:40.477,0.75187,0.75209,1.12,1.67
2017.04.21 02:09:44.645,0.75187,0.75209,1.12,1.35
2017.04.21 02:09:45.323,0.75188,0.75208,1.37,1.30
2017.04.21 02:09:45.846,0.75185,0.75208,1.35,1.60
2017.04.21 02:09:46.008,0.75185,0.75207,1.37,1.72
2017.04.21 02:09:53.440,0.75185,0.75207,1.37,1.60
2017.04.21 02:09:54.134,0.75185,0.75207,1.37,1.60
2017.04.21 02:09:58.523,0.75183,0.75208,2.10,2.47
2017.04.21 02:10:00.737,0.75184,0.75206,1.35,1.60
2017.04.21 02:10:04.178,0.75183,0.75206,2.10,1.35
2017.04.21 02:10:06.722,0.75184,0.75206,1.35,1.60
2017.04.21 02:10:17.310,0.75184,0.75207,2.47,2.10
2017.04.21 02:10:18.654,0.75184,0.75206,1.87,3.22
2017.04.21 02:10:19.314,0.75183,0.75205,1.75,2.47
2017.04.21 02:10:20.621,0.75183,0.75205,1.75,2.47
2017.04.21 02:10:21.833,0.75184,0.75205,1.50,2.85
2017.04.21 02:10:22.247,0.75181,0.75203,2.25,2.10
2017.04.21 02:10:24.378,0.75183,0.75204,1.37,2.47
2017.04.21 02:10:24.933,0.75183,0.75205,1.37,3.22
2017.04.21 02:10:28.215,0.75183,0.75205,1.37,3.22
2017.04.21 02:10:33.566,0.75182,0.75204,1.75,2.47
2017.04.21 02:10:34.962,0.75184,0.75205,2.47,1.67
2017.04.21 02:10:35.012,0.75184,0.75207,2.47,2.05
2017.04.21 02:10:35.113,0.75186,0.75208,1.72,1.60
2017.04.21 02:10:35.164,0.75186,0.75209,1.72,4.72
2017.04.21 02:10:38.841,0.75188,0.75208,1.00,2.47
2017.04.21 02:10:45.035,0.75188,0.75208,1.00,1.72
2017.04.21 02:10:45.543,0.75186,0.75209,1.75,1.60
2017.04.21 02:10:46.175,0.75187,0.75209,1.75,3.97
2017.04.21 02:10:47.473,0.75188,0.75207,1.00,1.30
2017.04.21 02:10:47.814,0.75185,0.75205,1.35,1.35
2017.04.21 02:10:49.080,0.75184,0.75205,1.87,1.60
2017.04.21 02:10:50.440,0.75184,0.75206,2.10,3.60
2017.04.21 02:10:54.910,0.75185,0.75205,1.35,1.30
2017.04.21 02:11:04.929,0.75185,0.75205,1.37,1.30
2017.04.21 02:11:07.456,0.75186,0.75206,1.00,1.30
2017.04.21 02:11:08.261,0.75186,0.75207,1.00,2.85
2017.04.21 02:11:09.066,0.75186,0.75206,1.00,1.30
2017.04.21 02:11:09.821,0.75186,0.75207,1.00,2.85
2017.04.21 02:11:12.646,0.75186,0.75206,1.00,1.30
2017.04.21 02:11:20.106,0.75186,0.75207,1.00,2.85
2017.04.21 02:11:38.810,0.75184,0.75207,2.05,1.72
2017.04.21 02:11:39.159,0.75186,0.75208,2.05,1.60
2017.04.21 02:11:41.387,0.75187,0.75209,1.97,1.72
2017.04.21 02:11:44.004,0.75189,0.7521,1.67,1.60
2017.04.21 02:11:59.802,0.7519,0.7521,1.30,1.72
2017.04.21 02:12:00.104,0.75192,0.75212,1.00,1.35
2017.04.21 02:12:00.559,0.75189,0.7521,1.87,1.97
2017.04.21 02:12:00.610,0.75187,0.75209,1.72,2.47
2017.04.21 02:12:00.711,0.75187,0.75209,1.37,2.85
2017.04.21 02:12:06.344,0.75188,0.75209,1.00,3.97
2017.04.21 02:12:06.906,0.75188,0.75208,1.00,1.30
2017.04.21 02:12:11.315,0.75187,0.75209,1.72,4.72
2017.04.21 02:12:11.366,0.75187,0.75208,1.37,2.85
2017.04.21 02:12:12.936,0.75185,0.75208,1.12,2.47
2017.04.21 02:12:14.013,0.75186,0.75207,1.12,2.85
2017.04.21 02:12:15.411,0.75186,0.75207,1.12,2.85
2017.04.21 02:12:16.536,0.75185,0.75205,1.87,1.30
2017.04.21 02:12:17.324,0.75185,0.75206,1.87,2.85
2017.04.21 02:12:22.507,0.75185,0.75205,2.10,1.30
2017.04.21 02:12:23.210,0.75185,0.75206,1.75,1.35
2017.04.21 02:12:23.530,0.75184,0.75206,2.10,1.35
2017.04.21 02:12:23.631,0.75184,0.75205,1.12,2.85
2017.04.21 02:12:23.682,0.75183,0.75205,2.47,2.85
2017.04.21 02:12:25.285,0.75183,0.75203,1.67,1.30
2017.04.21 02:12:57.161,0.75183,0.75205,1.97,2.05
2017.04.21 02:13:05.701,0.75184,0.75205,3.22,1.37
2017.04.21 02:13:05.802,0.75183,0.75203,2.05,1.30
2017.04.21 02:13:06.724,0.75184,0.75203,1.12,1.30
2017.04.21 02:13:08.161,0.75183,0.75204,1.37,2.85
2017.04.21 02:13:09.258,0.75183,0.75204,1.37,1.35
2017.04.21 02:13:12.872,0.75184,0.75203,1.00,1.35
2017.04.21 02:13:15.960,0.75183,0.75203,1.50,1.60
2017.04.21 02:13:26.585,0.75181,0.75203,2.47,1.60
2017.04.21 02:13:27.110,0.75181,0.75202,2.47,1.30
2017.04.21 02:13:29.377,0.75181,0.75203,1.72,2.10
2017.04.21 02:13:29.776,0.75177,0.75198,2.05,1.30
2017.04.21 02:13:30.596,0.75177,0.75198,1.35,1.67
2017.04.21 02:13:30.848,0.75176,0.75196,1.35,1.00
2017.04.21 02:13:33.447,0.75176,0.75196,1.12,1.30
2017.04.21 02:13:35.418,0.75176,0.75197,1.35,1.30
2017.04.21 02:13:39.573,0.75178,0.75199,1.67,2.05
2017.04.21 02:13:39.742,0.75179,0.75199,1.00,1.35
2017.04.21 02:13:48.024,0.7518,0.75199,1.00,1.35
2017.04.21 02:13:48.943,0.7518,0.75199,1.00,1.72
2017.04.21 02:13:50.015,0.75178,0.75199,1.67,1.72
2017.04.21 02:13:50.621,0.75177,0.75199,2.05,1.97
2017.04.21 02:13:51.537,0.75177,0.75197,1.37,1.35
2017.04.21 02:13:59.302,0.75179,0.75199,1.00,1.35
2017.04.21 02:13:59.655,0.75179,0.752,1.12,1.37
2017.04.21 02:14:00.545,0.75179,0.752,1.37,1.12
2017.04.21 02:14:02.960,0.75179,0.752,1.30,1.72
2017.04.21 02:14:03.011,0.75178,0.752,1.12,1.97
2017.04.21 02:14:03.514,0.75179,0.75199,1.12,1.30
2017.04.21 02:14:09.487,0.75177,0.75198,1.35,1.30
2017.04.21 02:14:09.990,0.75179,0.75198,1.00,1.72
2017.04.21 02:14:10.297,0.75175,0.75195,3.97,1.00
2017.04.21 02:14:10.775,0.75175,0.75197,2.85,1.72
2017.04.21 02:14:11.314,0.75175,0.75197,2.47,1.87
2017.04.21 02:14:11.515,0.75175,0.75194,1.00,1.30
2017.04.21 02:14:12.061,0.75173,0.75194,2.10,1.67
2017.04.21 02:14:12.625,0.75173,0.75195,1.35,1.37
2017.04.21 02:14:16.633,0.75174,0.75195,1.97,1.37
2017.04.21 02:14:16.762,0.75175,0.75196,1.60,1.00
2017.04.21 02:14:17.639,0.75175,0.75196,1.60,1.00
2017.04.21 02:14:19.029,0.75175,0.75196,1.60,1.00
2017.04.21 02:14:19.554,0.75174,0.75197,2.10,2.47
2017.04.21 02:14:21.641,0.75175,0.75196,1.60,1.00
2017.04.21 02:14:26.130,0.75175,0.75196,2.10,1.00
2017.04.21 02:14:26.478,0.75177,0.75199,2.47,1.12
2017.04.21 02:14:26.679,0.7518,0.752,3.22,1.37
2017.04.21 02:14:26.730,0.75182,0.75203,2.10,1.12
2017.04.21 02:14:26.881,0.75183,0.75203,2.10,1.00
2017.04.21 02:14:27.586,0.75182,0.75203,3.22,1.00
2017.04.21 02:14:28.093,0.75182,0.75203,1.72,1.00
2017.04.21 02:14:28.617,0.75182,0.75203,3.22,1.00
2017.04.21 02:14:29.589,0.75182,0.75203,1.35,1.00
2017.04.21 02:14:30.826,0.75183,0.75204,1.35,1.37
2017.04.21 02:14:32.771,0.75184,0.75204,1.30,1.72
2017.04.21 02:14:44.413,0.75183,0.75203,1.35,1.00
2017.04.21 02:14:46.600,0.75183,0.75204,1.72,1.12
2017.04.21 02:14:47.810,0.75183,0.75204,3.60,1.12
2017.04.21 02:14:48.012,0.75185,0.75205,1.30,1.37
2017.04.21 02:14:48.211,0.75184,0.75205,2.10,1.37
2017.04.21 02:14:48.760,0.75184,0.75204,2.10,1.00
2017.04.21 02:14:55.144,0.75186,0.75207,1.60,1.87
2017.04.21 02:14:59.337,0.75185,0.75207,2.10,1.87
2017.04.21 02:15:00.110,0.75187,0.75207,1.30,1.87
2017.04.21 02:15:00.910,0.75186,0.75207,1.35,1.87
2017.04.21 02:15:03.386,0.75187,0.75207,1.30,1.87
2017.04.21 02:15:26.560,0.75187,0.75205,1.30,1.00
2017.04.21 02:15:38.412,0.75186,0.75208,1.72,2.10
2017.04.21 02:15:42.572,0.75186,0.75208,1.72,1.75
2017.04.21 02:15:43.891,0.75186,0.75208,1.72,2.10
2017.04.21 02:15:44.135,0.75186,0.75207,1.60,1.00
2017.04.21 02:15:45.174,0.75186,0.75207,3.60,1.00
2017.04.21 02:15:46.011,0.75186,0.75207,2.10,1.00
2017.04.21 02:15:49.975,0.75186,0.75207,3.60,1.00
2017.04.21 02:15:54.138,0.75186,0.75207,3.60,1.00
2017.04.21 02:15:55.108,0.75187,0.75207,1.60,1.00
2017.04.21 02:15:57.170,0.75187,0.75207,1.35,1.00
2017.04.21 02:15:59.478,0.75189,0.75207,1.30,1.00
2017.04.21 02:16:00.229,0.75188,0.75207,1.35,1.00
2017.04.21 02:16:00.917,0.75189,0.7521,1.30,1.67
2017.04.21 02:16:06.242,0.75191,0.75212,1.60,1.75
2017.04.21 02:16:06.343,0.75192,0.75213,1.72,2.10
2017.04.21 02:16:06.444,0.75192,0.75213,1.72,1.35
2017.04.21 02:16:06.648,0.75194,0.75213,1.00,1.30
2017.04.21 02:16:15.385,0.75194,0.75215,2.05,1.30
2017.04.21 02:16:31.763,0.75196,0.75217,1.12,1.60
2017.04.21 02:16:33.508,0.75196,0.75217,1.12,1.35
2017.04.21 02:16:34.276,0.75196,0.75217,1.12,1.60
2017.04.21 02:16:35.084,0.75196,0.75217,1.72,1.35
2017.04.21 02:16:35.604,0.75196,0.75217,1.50,1.60
2017.04.21 02:16:44.726,0.75196,0.75217,1.37,1.60
2017.04.21 02:16:46.043,0.75196,0.75217,1.12,1.60
2017.04.21 02:16:47.919,0.75196,0.75216,1.37,1.30
2017.04.21 02:17:22.766,0.75197,0.7522,1.97,2.47
2017.04.21 02:17:23.285,0.75198,0.7522,1.30,1.87
2017.04.21 02:17:40.979,0.75197,0.75218,1.35,1.35
2017.04.21 02:17:45.702,0.75197,0.75219,1.60,1.35
2017.04.21 02:17:46.661,0.75198,0.75217,1.35,1.00
2017.04.21 02:18:04.086,0.75196,0.75216,2.05,1.00
2017.04.21 02:18:04.578,0.75196,0.75214,1.35,1.00
2017.04.21 02:18:06.112,0.75196,0.75216,1.35,1.50
2017.04.21 02:18:06.662,0.75196,0.75214,1.67,1.00
2017.04.21 02:18:07.188,0.75196,0.75214,1.00,1.00
2017.04.21 02:18:25.563,0.75191,0.75213,2.62,2.85
2017.04.21 02:18:25.765,0.75189,0.7521,1.00,2.10
2017.04.21 02:18:26.667,0.75188,0.75207,1.35,1.00
2017.04.21 02:18:27.200,0.75187,0.75207,1.37,1.67
2017.04.21 02:18:28.797,0.75188,0.75207,1.00,1.30
2017.04.21 02:18:28.948,0.75188,0.75208,1.12,1.67
2017.04.21 02:18:29.150,0.75187,0.75208,1.37,1.67
2017.04.21 02:18:29.980,0.75187,0.75208,1.37,1.60
2017.04.21 02:18:30.715,0.75187,0.75209,1.00,2.10
2017.04.21 02:18:31.600,0.75187,0.75208,1.37,1.60
2017.04.21 02:18:32.245,0.75187,0.75209,1.12,3.60
2017.04.21 02:18:32.749,0.75186,0.75207,1.00,1.60
2017.04.21 02:18:33.629,0.75185,0.75206,1.12,1.30
2017.04.21 02:18:43.013,0.75185,0.75207,1.12,1.00
2017.04.21 02:18:45.117,0.75186,0.75208,1.00,1.72
2017.04.21 02:18:46.112,0.75186,0.75208,1.00,1.97
2017.04.21 02:18:46.322,0.75185,0.75207,1.12,1.60
2017.04.21 02:18:48.467,0.75187,0.75207,1.00,3.22
2017.04.21 02:18:50.095,0.75187,0.75207,1.00,3.22
2017.04.21 02:18:50.146,0.75184,0.75206,1.87,2.85
2017.04.21 02:18:50.448,0.75184,0.75205,1.12,2.47
2017.04.21 02:18:50.982,0.75182,0.75204,1.87,2.47
2017.04.21 02:18:52.188,0.75182,0.75203,1.37,2.10
2017.04.21 02:18:52.703,0.75181,0.75202,1.12,2.10
2017.04.21 02:18:54.617,0.75181,0.75203,1.37,3.22
2017.04.21 02:19:00.070,0.75182,0.75202,1.00,2.85
2017.04.21 02:19:02.096,0.75181,0.752,1.37,2.47
2017.04.21 02:19:18.757,0.75182,0.75201,1.00,2.47
2017.04.21 02:19:22.068,0.75182,0.75201,1.00,2.47
2017.04.21 02:19:22.180,0.75182,0.75202,1.00,1.60
2017.04.21 02:19:22.824,0.75182,0.75202,1.00,2.85
2017.04.21 02:19:26.596,0.75181,0.75202,1.12,2.47
2017.04.21 02:19:39.715,0.75181,0.75202,1.87,1.35
2017.04.21 02:19:40.118,0.75183,0.75204,1.37,1.60
2017.04.21 02:19:40.631,0.75183,0.75204,1.12,1.60
2017.04.21 02:19:40.756,0.75183,0.75204,1.12,1.00
2017.04.21 02:19:40.920,0.75183,0.75205,1.12,1.67
2017.04.21 02:19:41.540,0.75185,0.75205,1.00,1.30
2017.04.21 02:19:42.803,0.75185,0.75206,1.67,1.67
2017.04.21 02:19:42.853,0.75186,0.75207,1.72,1.72
2017.04.21 02:19:43.636,0.75186,0.75207,1.72,1.72
2017.04.21 02:20:00.812,0.75186,0.75207,1.37,1.60
2017.04.21 02:20:01.416,0.75186,0.75205,1.00,1.30
2017.04.21 02:20:05.116,0.75186,0.75207,1.67,2.05
2017.04.21 02:20:05.217,0.75186,0.75207,1.72,1.30
2017.04.21 02:20:08.362,0.75188,0.7521,2.10,1.12
2017.04.21 02:20:08.664,0.75194,0.75218,1.72,4.35
2017.04.21 02:20:08.765,0.75197,0.75218,1.30,2.05
2017.04.21 02:20:09.167,0.75198,0.75219,1.00,1.72
2017.04.21 02:20:09.218,0.75198,0.75219,1.00,2.47
2017.04.21 02:20:09.825,0.75197,0.75217,2.10,1.37
2017.04.21 02:20:11.475,0.75197,0.75219,1.72,1.67
2017.04.21 02:20:26.627,0.75198,0.75219,1.00,1.67
2017.04.21 02:20:28.715,0.75197,0.75219,1.37,2.10
2017.04.21 02:20:30.210,0.75198,0.75218,1.00,1.30
2017.04.21 02:20:30.513,0.75194,0.75214,1.50,1.30
2017.04.21 02:20:31.315,0.75194,0.75214,1.50,1.30
2017.04.21 02:20:33.613,0.75194,0.75214,1.00,1.30
2017.04.21 02:20:34.209,0.75195,0.75216,1.30,1.35
2017.04.21 02:20:37.009,0.75195,0.75216,2.47,1.35
2017.04.21 02:20:37.110,0.75197,0.75218,1.72,1.67
2017.04.21 02:20:38.135,0.75198,0.75219,1.67,1.35
2017.04.21 02:20:40.354,0.752,0.7522,1.00,1.60
2017.04.21 02:20:56.623,0.75199,0.75221,1.97,1.35
2017.04.21 02:20:57.198,0.75199,0.75223,1.97,1.35
2017.04.21 02:21:01.488,0.75202,0.75223,1.35,1.35
2017.04.21 02:21:02.224,0.75202,0.75223,1.67,2.10
2017.04.21 02:21:09.300,0.75202,0.75223,1.67,1.35
2017.04.21 02:21:09.351,0.75202,0.75222,1.00,1.67
2017.04.21 02:21:10.051,0.75201,0.75221,1.30,1.00
2017.04.21 02:21:11.595,0.752,0.75221,2.10,1.00
2017.04.21 02:21:17.022,0.75201,0.75221,1.97,1.00
2017.04.21 02:21:17.585,0.75203,0.75224,1.30,1.35
2017.04.21 02:21:26.642,0.75202,0.75222,1.00,1.30
2017.04.21 02:21:37.506,0.75202,0.75224,1.35,2.05
2017.04.21 02:21:40.362,0.75203,0.75224,1.30,1.35
2017.04.21 02:21:40.914,0.75202,0.75224,2.10,1.35
2017.04.21 02:21:46.522,0.75203,0.75223,1.67,1.00
2017.04.21 02:21:53.629,0.75203,0.75224,2.10,1.30
2017.04.21 02:21:58.186,0.75204,0.75224,1.12,1.30
2017.04.21 02:21:59.440,0.75204,0.75224,1.37,1.30
2017.04.21 02:22:05.622,0.75204,0.75224,2.05,1.30
2017.04.21 02:22:09.185,0.75205,0.75225,1.00,1.67
2017.04.21 02:22:11.615,0.75205,0.75225,1.00,1.35
2017.04.21 02:22:17.111,0.75203,0.75225,1.12,3.60
2017.04.21 02:22:17.262,0.75203,0.75222,1.00,1.30
2017.04.21 02:22:45.044,0.75202,0.75222,1.35,1.30
2017.04.21 02:22:46.507,0.75203,0.75224,1.67,1.72
2017.04.21 02:22:51.023,0.75203,0.75224,1.72,1.60
2017.04.21 02:22:51.124,0.75205,0.75224,1.35,1.00
2017.04.21 02:22:51.646,0.75206,0.75226,1.30,1.67
2017.04.21 02:22:53.011,0.75206,0.75228,1.60,1.75
2017.04.21 02:22:53.212,0.75209,0.7523,1.30,1.12
2017.04.21 02:22:53.784,0.75208,0.7523,1.35,1.12
2017.04.21 02:22:54.413,0.75211,0.75232,2.85,1.75
2017.04.21 02:22:54.515,0.75214,0.75236,1.67,1.35
2017.04.21 02:22:54.616,0.75216,0.75237,1.00,1.35
2017.04.21 02:22:54.803,0.75217,0.75239,1.00,2.10
2017.04.21 02:22:58.415,0.75217,0.7524,1.72,2.10
2017.04.21 02:22:58.516,0.75218,0.7524,1.72,2.10
2017.04.21 02:23:45.211,0.75222,0.75244,1.35,2.25
2017.04.21 02:23:45.262,0.75223,0.75246,1.60,2.25
2017.04.21 02:23:45.413,0.75225,0.75244,1.60,1.00
2017.04.21 02:23:45.565,0.75227,0.75248,1.30,2.47
2017.04.21 02:24:06.532,0.75226,0.75247,1.00,2.47
2017.04.21 02:24:13.709,0.75223,0.75246,2.05,2.10
2017.04.21 02:24:13.940,0.75223,0.75244,1.72,1.67
2017.04.21 02:24:16.138,0.75222,0.75244,1.12,1.35
2017.04.21 02:24:16.408,0.75219,0.75241,1.12,2.10
2017.04.21 02:24:16.458,0.75216,0.7524,2.10,1.35
2017.04.21 02:24:17.216,0.75216,0.75238,1.30,1.50
2017.04.21 02:24:17.785,0.75215,0.75238,2.47,2.10
2017.04.21 02:24:18.908,0.75216,0.75238,1.30,2.10
2017.04.21 02:24:19.837,0.75215,0.75238,1.97,2.10
2017.04.21 02:24:20.339,0.75218,0.75238,1.00,2.10
2017.04.21 02:24:21.313,0.7522,0.75241,1.72,1.35
2017.04.21 02:24:21.414,0.7522,0.75241,2.47,1.67
2017.04.21 02:24:24.781,0.7522,0.75241,1.72,1.67
2017.04.21 02:24:26.433,0.75217,0.7524,2.10,1.60
2017.04.21 02:24:26.534,0.75218,0.75239,1.00,1.50
2017.04.21 02:24:26.584,0.75217,0.75239,1.30,1.97
2017.04.21 02:24:27.371,0.75216,0.75239,1.67,2.47
2017.04.21 02:24:27.945,0.75217,0.75238,1.30,1.35
2017.04.21 02:24:28.645,0.75218,0.75239,1.30,2.10
2017.04.21 02:24:29.312,0.75217,0.75239,1.35,2.10
2017.04.21 02:24:33.482,0.75219,0.75237,1.00,1.00
2017.04.21 02:24:34.257,0.75219,0.7524,1.67,1.35
2017.04.21 02:24:34.358,0.75219,0.75241,2.05,1.35
2017.04.21 02:24:35.123,0.75218,0.75239,1.67,1.30
2017.04.21 02:24:35.224,0.75218,0.75239,1.72,1.35
2017.04.21 02:24:42.129,0.75218,0.75239,1.00,1.12
2017.04.21 02:24:44.327,0.75216,0.75238,1.35,1.35
2017.04.21 02:24:53.349,0.75215,0.75235,1.50,1.35
2017.04.21 02:25:12.770,0.75214,0.75235,1.87,1.00
2017.04.21 02:25:13.410,0.75214,0.75235,2.47,1.00
2017.04.21 02:25:14.574,0.75214,0.75235,2.85,1.00
2017.04.21 02:25:23.507,0.75214,0.75235,2.47,1.00
2017.04.21 02:25:26.457,0.75214,0.75235,3.97,1.00
2017.04.21 02:25:27.990,0.75215,0.75237,1.12,1.35
2017.04.21 02:25:33.180,0.75215,0.75236,1.37,1.35
2017.04.21 02:25:35.635,0.75215,0.75236,1.35,1.35
2017.04.21 02:25:36.066,0.75215,0.75237,1.97,1.35
2017.04.21 02:25:36.116,0.75215,0.75237,1.72,1.35
2017.04.21 02:25:49.562,0.75215,0.75237,1.72,1.35
2017.04.21 02:25:49.663,0.75216,0.75237,1.37,1.67
2017.04.21 02:25:50.201,0.75216,0.75237,1.75,1.67
2017.04.21 02:26:01.282,0.75217,0.75238,1.35,1.75
2017.04.21 02:26:02.104,0.75217,0.75239,1.67,2.10
2017.04.21 02:26:02.926,0.75217,0.75238,1.67,1.75
2017.04.21 02:26:03.954,0.75221,0.75243,1.30,3.60
2017.04.21 02:26:04.055,0.75222,0.75244,1.35,2.10
2017.04.21 02:26:04.411,0.7522,0.75242,2.25,2.85
2017.04.21 02:26:04.601,0.7522,0.7524,1.72,1.30
2017.04.21 02:26:05.111,0.75221,0.75242,2.10,1.35
2017.04.21 02:26:05.161,0.75223,0.75243,1.30,1.35
2017.04.21 02:26:06.129,0.75223,0.75243,1.67,1.00
2017.04.21 02:26:06.679,0.75224,0.75243,1.72,1.00
2017.04.21 02:26:12.309,0.75224,0.75243,1.72,1.00
2017.04.21 02:26:35.008,0.75223,0.75243,2.47,1.30
2017.04.21 02:26:37.855,0.75224,0.75244,1.30,1.67
2017.04.21 02:26:42.991,0.75223,0.75245,2.85,1.35
2017.04.21 02:26:44.647,0.75224,0.75244,1.35,1.67
2017.04.21 02:27:02.830,0.75224,0.75246,1.72,1.35
2017.04.21 02:27:04.415,0.75225,0.75245,1.00,1.67
2017.04.21 02:27:06.986,0.75224,0.75246,2.85,1.35
2017.04.21 02:27:08.114,0.75225,0.75248,2.47,2.47
2017.04.21 02:27:10.430,0.75226,0.75247,1.30,1.35
2017.04.21 02:27:10.481,0.75221,0.75244,1.75,3.60
2017.04.21 02:27:10.632,0.7522,0.75239,1.50,1.30
2017.04.21 02:27:10.798,0.7522,0.7524,1.12,2.05
2017.04.21 02:27:12.268,0.75223,0.75243,2.85,1.75
2017.04.21 02:27:12.469,0.75224,0.75244,1.00,1.67
2017.04.21 02:27:13.014,0.75225,0.75246,1.30,1.35
2017.04.21 02:27:27.889,0.75223,0.75244,2.47,1.00
2017.04.21 02:27:34.005,0.75223,0.75244,1.37,1.60
2017.04.21 02:27:34.055,0.75223,0.75243,1.00,1.72
2017.04.21 02:27:34.498,0.7522,0.75241,2.85,1.35
2017.04.21 02:27:35.016,0.7522,0.75241,3.00,1.35
2017.04.21 02:27:47.125,0.7522,0.75239,1.00,1.30
2017.04.21 02:27:47.467,0.7522,0.75237,1.12,1.00
2017.04.21 02:27:47.816,0.75218,0.7524,1.00,1.35
2017.04.21 02:27:48.338,0.75217,0.7524,2.05,2.47
2017.04.21 02:27:48.851,0.75218,0.75239,1.35,1.67
2017.04.21 02:27:59.961,0.7522,0.75239,1.00,1.67
2017.04.21 02:28:00.062,0.75218,0.75241,1.35,2.47
2017.04.21 02:28:00.163,0.7522,0.7524,1.00,2.47
2017.04.21 02:28:00.666,0.7522,0.75239,1.50,1.00
2017.04.21 02:28:01.272,0.7522,0.75238,1.12,1.00
2017.04.21 02:28:02.955,0.7522,0.75238,1.72,1.00
2017.04.21 02:28:03.111,0.7522,0.7524,1.72,1.00
2017.04.21 02:28:15.229,0.7522,0.7524,2.47,1.00
2017.04.21 02:28:15.330,0.75223,0.75243,1.00,1.67
2017.04.21 02:28:19.632,0.75222,0.75243,1.87,1.67
2017.04.21 02:28:20.182,0.75224,0.75245,1.87,1.35
2017.04.21 02:28:20.686,0.75224,0.75244,1.00,1.35
2017.04.21 02:28:28.351,0.75223,0.75244,1.35,1.35
2017.04.21 02:28:30.368,0.75223,0.75244,1.67,1.35
2017.04.21 02:28:30.671,0.75224,0.75246,1.37,1.67
2017.04.21 02:28:31.202,0.75224,0.75246,2.10,1.72
2017.04.21 02:28:32.029,0.75225,0.75246,2.47,1.30
2017.04.21 02:28:54.687,0.75226,0.75247,1.35,1.35
2017.04.21 02:28:56.306,0.75225,0.75248,1.67,2.05
2017.04.21 02:29:08.847,0.75225,0.75248,1.35,2.10
2017.04.21 02:29:09.860,0.75225,0.75247,1.60,1.35
2017.04.21 02:29:10.615,0.75223,0.75244,2.85,1.67
2017.04.21 02:29:11.160,0.75224,0.75243,1.00,1.30
2017.04.21 02:29:11.362,0.75223,0.75243,1.12,1.35
2017.04.21 02:29:26.444,0.75222,0.75243,1.50,1.35
2017.04.21 02:29:27.100,0.75222,0.75243,1.12,1.67
2017.04.21 02:29:30.367,0.75222,0.75242,2.10,1.30
2017.04.21 02:29:38.321,0.75222,0.75242,1.72,1.30
2017.04.21 02:29:39.033,0.75222,0.75242,2.10,1.30
2017.04.21 02:29:40.769,0.75222,0.75242,1.72,1.30
2017.04.21 02:29:41.313,0.75222,0.75242,2.10,1.30
2017.04.21 02:29:46.411,0.75222,0.75242,2.10,1.30
2017.04.21 02:29:46.915,0.75222,0.7524,1.00,1.30
2017.04.21 02:29:47.454,0.75222,0.75241,1.00,2.85
2017.04.21 02:29:48.483,0.75222,0.7524,1.00,1.30
2017.04.21 02:29:49.016,0.75221,0.7524,1.12,1.30
2017.04.21 02:30:01.404,0.75221,0.7524,1.37,1.30
2017.04.21 02:30:03.245,0.75221,0.7524,1.72,1.30
2017.04.21 02:30:03.702,0.75222,0.75241,1.67,1.67
2017.04.21 02:30:04.268,0.75222,0.75241,1.72,1.30
2017.04.21 02:30:06.925,0.75223,0.75241,1.00,1.35
2017.04.21 02:30:06.976,0.7522,0.7524,3.60,1.67
2017.04.21 02:30:07.328,0.75222,0.75243,1.12,2.85
2017.04.21 02:30:07.839,0.75222,0.75242,1.67,1.30
2017.04.21 02:30:29.218,0.75223,0.75243,1.00,1.35
2017.04.21 02:30:29.755,0.75222,0.75243,2.25,2.85
2017.04.21 02:30:30.057,0.75221,0.7524,1.00,1.30
2017.04.21 02:30:30.108,0.75222,0.75242,2.10,1.35
2017.04.21 02:30:30.259,0.75223,0.75243,1.50,1.30
2017.04.21 02:30:31.112,0.75223,0.75244,1.50,2.85
2017.04.21 02:30:35.747,0.75223,0.75243,1.37,1.30
2017.04.21 02:30:40.307,0.75223,0.75244,1.50,2.85
2017.04.21 02:30:48.468,0.75222,0.75243,2.25,1.30
2017.04.21 02:30:49.312,0.75223,0.75245,1.37,2.85
2017.04.21 02:30:58.411,0.75224,0.75243,1.00,1.30
2017.04.21 02:30:59.295,0.75224,0.75245,1.00,2.85
2017.04.21 02:30:59.990,0.75224,0.75243,1.00,1.30
2017.04.21 02:31:02.129,0.75224,0.75245,1.37,1.97
2017.04.21 02:31:02.894,0.75224,0.75244,1.37,1.30
2017.04.21 02:31:03.608,0.75224,0.75245,1.37,1.97
2017.04.21 02:31:41.733,0.75223,0.75245,1.12,3.60
2017.04.21 02:31:42.255,0.75224,0.75243,1.00,1.35
2017.04.21 02:31:54.875,0.75223,0.75243,1.35,1.30
2017.04.21 02:31:55.026,0.75226,0.75246,1.00,1.72
2017.04.21 02:32:06.411,0.75226,0.75246,1.00,1.35
2017.04.21 02:32:07.007,0.75226,0.75246,1.00,1.67
2017.04.21 02:32:08.521,0.75225,0.75247,2.85,1.35
2017.04.21 02:32:08.745,0.75227,0.75248,1.72,1.67
2017.04.21 02:32:18.814,0.75228,0.75249,1.35,1.75
2017.04.21 02:32:21.479,0.75228,0.75249,2.85,1.75
2017.04.21 02:32:23.311,0.75228,0.75249,1.35,1.75
2017.04.21 02:32:26.667,0.75229,0.7525,1.60,2.10
2017.04.21 02:32:37.110,0.75229,0.75252,1.60,1.12
2017.04.21 02:32:37.838,0.75229,0.75251,2.85,1.12
2017.04.21 02:32:39.712,0.75229,0.75251,2.85,1.12
2017.04.21 02:32:40.226,0.75231,0.75253,2.10,2.05
2017.04.21 02:32:41.446,0.75234,0.75256,2.47,2.62
2017.04.21 02:32:41.496,0.75234,0.75257,2.85,2.05
2017.04.21 02:32:41.597,0.75237,0.75258,1.37,3.22
2017.04.21 02:32:41.648,0.75237,0.75258,1.72,1.72
2017.04.21 02:32:41.799,0.75237,0.75259,1.12,2.47
2017.04.21 02:32:42.001,0.75238,0.75258,1.12,1.30
2017.04.21 02:32:42.303,0.75236,0.75257,2.05,1.35
2017.04.21 02:32:42.404,0.75236,0.75257,1.30,2.05
2017.04.21 02:32:43.098,0.75235,0.75255,1.37,1.60
2017.04.21 02:32:46.232,0.75232,0.75253,2.05,2.10
2017.04.21 02:32:46.518,0.7523,0.75251,2.10,2.05
2017.04.21 02:32:46.619,0.7523,0.75251,2.47,1.35
2017.04.21 02:32:50.766,0.75232,0.75252,1.00,2.10
2017.04.21 02:32:51.515,0.75232,0.75251,1.00,1.30
2017.04.21 02:32:55.398,0.7523,0.75252,2.47,2.10
2017.04.21 02:32:55.800,0.7523,0.75249,1.00,1.30
2017.04.21 02:32:58.611,0.75229,0.75249,1.37,1.67
2017.04.21 02:33:00.433,0.75228,0.75249,2.05,1.35
2017.04.21 02:33:01.261,0.7523,0.75251,2.25,1.35
2017.04.21 02:33:01.564,0.75235,0.75256,1.75,2.10
2017.04.21 02:33:06.411,0.75235,0.75258,1.87,4.35
2017.04.21 02:33:06.623,0.75235,0.75257,1.87,1.30
2017.04.21 02:33:07.390,0.75236,0.75258,1.12,2.47
2017.04.21 02:33:10.545,0.75236,0.75257,1.12,1.30
2017.04.21 02:33:14.800,0.75235,0.75258,2.47,1.35
2017.04.21 02:33:16.784,0.75235,0.75257,1.87,1.30
2017.04.21 02:33:19.002,0.75235,0.75258,2.47,1.35
2017.04.21 02:33:19.161,0.75244,0.75259,1.00,1.75
2017.04.21 02:33:19.262,0.75244,0.7526,1.35,1.00
2017.04.21 02:33:19.313,0.75244,0.75264,1.37,1.87
2017.04.21 02:33:19.364,0.75243,0.75264,1.00,1.87
2017.04.21 02:33:19.546,0.75243,0.75264,1.87,1.50
2017.04.21 02:33:19.879,0.75244,0.75264,1.50,2.10
2017.04.21 02:33:20.081,0.75241,0.75261,1.67,1.50
2017.04.21 02:33:21.060,0.75238,0.75261,2.47,2.10
2017.04.21 02:33:21.615,0.75238,0.75261,2.47,2.10
2017.04.21 02:33:21.716,0.75238,0.7526,1.12,2.47
2017.04.21 02:33:21.859,0.75237,0.75259,1.37,1.35
2017.04.21 02:33:23.035,0.75237,0.75258,1.37,1.30
2017.04.21 02:33:24.783,0.75239,0.7526,2.05,1.12
2017.04.21 02:33:25.115,0.75242,0.75262,1.37,1.30
2017.04.21 02:33:32.811,0.75244,0.75264,3.97,1.75
2017.04.21 02:33:33.013,0.75251,0.75271,1.30,1.37
2017.04.21 02:33:34.010,0.75249,0.75271,1.87,1.97
2017.04.21 02:33:36.765,0.75249,0.7527,1.37,1.30
2017.04.21 02:33:48.858,0.75249,0.75271,1.87,2.10
2017.04.21 02:33:49.722,0.75249,0.75271,1.87,3.60
2017.04.21 02:33:49.774,0.75247,0.75269,1.75,2.10
2017.04.21 02:33:49.916,0.75248,0.75269,1.37,1.60
2017.04.21 02:33:49.967,0.75246,0.75269,2.25,2.10
2017.04.21 02:33:50.170,0.75249,0.75272,1.12,3.22
2017.04.21 02:33:58.109,0.75249,0.75271,1.75,2.10
2017.04.21 02:33:58.210,0.75248,0.75272,1.35,4.35
2017.04.21 02:33:58.311,0.75249,0.7527,1.00,1.35
2017.04.21 02:34:00.416,0.7525,0.75268,1.00,1.30
2017.04.21 02:34:00.831,0.7525,0.75273,2.25,2.10
2017.04.21 02:34:04.237,0.7525,0.75273,1.37,3.22
2017.04.21 02:34:06.513,0.7525,0.75271,1.12,1.30
2017.04.21 02:34:26.506,0.75251,0.75273,2.10,1.67
2017.04.21 02:34:27.125,0.75251,0.75272,1.12,1.30
2017.04.21 02:34:43.180,0.75253,0.75274,1.60,2.25
2017.04.21 02:34:43.281,0.75254,0.75275,1.72,2.10
2017.04.21 02:34:43.436,0.75254,0.75275,1.35,2.10
2017.04.21 02:34:44.576,0.75253,0.75274,1.35,1.35
2017.04.21 02:34:57.783,0.75253,0.75274,1.67,2.05
2017.04.21 02:34:58.748,0.75253,0.75273,1.00,1.67
2017.04.21 02:35:00.902,0.75252,0.75272,1.00,1.72
2017.04.21 02:35:04.886,0.7525,0.75271,1.00,1.35
2017.04.21 02:35:07.562,0.7525,0.75272,2.10,1.35
2017.04.21 02:35:07.613,0.75251,0.75272,1.72,1.00
2017.04.21 02:35:07.814,0.75251,0.75272,1.72,1.00
2017.04.21 02:35:08.520,0.75251,0.75272,1.72,1.00
2017.04.21 02:35:09.171,0.75251,0.75272,1.97,1.00
2017.04.21 02:35:09.663,0.75255,0.75272,3.97,1.00
2017.04.21 02:35:09.814,0.7526,0.75282,1.50,2.85
2017.04.21 02:35:10.555,0.75258,0.7528,1.12,1.35
2017.04.21 02:35:11.236,0.75258,0.75278,1.00,1.67
2017.04.21 02:35:11.681,0.75256,0.75277,1.12,3.22
2017.04.21 02:35:11.932,0.75256,0.75276,1.50,1.67
2017.04.21 02:35:11.983,0.75256,0.75277,1.12,1.67
2017.04.21 02:35:12.514,0.75258,0.75278,1.00,1.67
2017.04.21 02:35:13.196,0.75258,0.75279,1.00,2.05
2017.04.21 02:35:13.247,0.75255,0.75275,1.12,1.00
2017.04.21 02:35:13.398,0.75253,0.75274,1.67,2.05
2017.04.21 02:35:13.946,0.7525,0.75271,2.47,1.00
2017.04.21 02:35:14.512,0.75251,0.75271,1.30,1.00
2017.04.21 02:35:15.058,0.7525,0.75271,2.10,1.00
2017.04.21 02:35:15.672,0.7525,0.75271,1.50,1.00
2017.04.21 02:35:20.618,0.7525,0.75271,2.10,1.00
2017.04.21 02:35:21.429,0.7525,0.75271,2.47,1.35
2017.04.21 02:35:21.873,0.7525,0.75271,1.72,1.35
2017.04.21 02:35:22.384,0.7525,0.75272,1.72,1.75
2017.04.21 02:35:22.636,0.75254,0.75275,1.00,1.37
2017.04.21 02:35:23.140,0.75255,0.75275,1.12,1.67
2017.04.21 02:35:23.682,0.75254,0.75275,1.00,1.67
2017.04.21 02:35:23.884,0.75252,0.75273,1.37,1.35
2017.04.21 02:35:24.135,0.75249,0.75268,1.00,1.72
2017.04.21 02:35:24.236,0.75249,0.75268,1.00,2.05
2017.04.21 02:35:24.387,0.75246,0.75268,1.67,2.05
2017.04.21 02:35:24.908,0.75246,0.75267,1.00,1.12
2017.04.21 02:35:25.426,0.75245,0.75267,1.87,2.10
2017.04.21 02:35:26.415,0.75246,0.75266,1.00,1.67
2017.04.21 02:35:27.534,0.75245,0.75267,3.22,2.05
2017.04.21 02:35:28.741,0.75246,0.75268,1.35,1.12
2017.04.21 02:35:30.365,0.7525,0.75269,1.00,2.47
2017.04.21 02:35:30.677,0.7525,0.75269,1.00,1.30
2017.04.21 02:35:31.498,0.7525,0.7527,1.00,2.10
2017.04.21 02:35:31.764,0.75247,0.75269,1.67,2.05
2017.04.21 02:35:32.469,0.75247,0.75269,1.00,1.12
2017.04.21 02:35:32.978,0.75246,0.75268,2.05,1.72
2017.04.21 02:35:34.067,0.75247,0.75268,1.00,1.72
2017.04.21 02:35:34.676,0.75246,0.75268,2.47,1.72
2017.04.21 02:35:35.273,0.75247,0.75268,1.00,1.67
2017.04.21 02:35:36.887,0.75247,0.75268,1.37,1.67
2017.04.21 02:35:37.539,0.75249,0.75269,1.37,1.72
2017.04.21 02:35:38.311,0.75249,0.75269,1.37,1.35
2017.04.21 02:35:39.061,0.7525,0.75271,1.50,1.35
2017.04.21 02:35:42.500,0.7525,0.75273,2.47,2.25
2017.04.21 02:35:42.550,0.7525,0.75273,2.10,1.87
2017.04.21 02:35:43.054,0.7525,0.75271,1.50,2.05
2017.04.21 02:35:43.767,0.75249,0.7527,1.37,2.10
2017.04.21 02:35:44.385,0.75249,0.75269,1.37,1.30
2017.04.21 02:35:47.484,0.75247,0.7527,2.05,1.97
2017.04.21 02:35:48.273,0.75248,0.75269,1.67,1.72
2017.04.21 02:35:48.707,0.7525,0.75272,1.87,1.97
2017.04.21 02:35:50.058,0.7525,0.75271,1.87,1.30
2017.04.21 02:35:51.785,0.7525,0.75271,1.87,1.35
2017.04.21 02:35:55.311,0.7525,0.75272,2.47,2.47
2017.04.21 02:35:58.751,0.7525,0.75272,1.87,1.87
2017.04.21 02:36:00.011,0.7525,0.75272,1.87,1.87
2017.04.21 02:36:06.573,0.7525,0.75272,2.85,2.47
2017.04.21 02:36:15.234,0.75251,0.75271,1.00,1.72
2017.04.21 02:36:16.471,0.75251,0.75271,1.00,1.35
2017.04.21 02:36:21.136,0.75249,0.75271,2.10,1.72
2017.04.21 02:36:21.237,0.75249,0.7527,1.72,1.12
2017.04.21 02:36:22.664,0.75249,0.75269,1.72,1.37
2017.04.21 02:36:41.984,0.75245,0.75267,1.75,3.22
2017.04.21 02:36:42.151,0.75241,0.75262,2.05,1.67
2017.04.21 02:36:42.829,0.75242,0.75264,1.35,2.05
2017.04.21 02:36:43.010,0.75242,0.75264,1.00,2.05
2017.04.21 02:36:43.832,0.75243,0.75263,1.30,1.12
2017.04.21 02:36:44.486,0.75242,0.75262,1.00,1.72
2017.04.21 02:36:51.122,0.75244,0.75266,1.35,1.75
2017.04.21 02:36:51.173,0.75248,0.75268,1.12,1.12
2017.04.21 02:36:51.274,0.75247,0.75269,2.47,1.12
2017.04.21 02:36:59.362,0.75248,0.7527,1.35,3.22
2017.04.21 02:36:59.926,0.75249,0.7527,1.30,2.85
2017.04.21 02:37:06.574,0.75249,0.75268,1.30,1.00
2017.04.21 02:37:09.464,0.75248,0.75268,1.97,1.00
2017.04.21 02:37:18.351,0.75249,0.7527,1.30,1.35
2017.04.21 02:37:18.402,0.75249,0.7527,2.05,2.05
2017.04.21 02:37:21.403,0.7525,0.7527,1.30,1.12
2017.04.21 02:37:26.597,0.7525,0.75269,1.35,1.00
2017.04.21 02:37:30.362,0.7525,0.7527,1.60,1.37
2017.04.21 02:37:31.164,0.7525,0.75271,1.35,1.12
2017.04.21 02:37:36.441,0.75251,0.75271,1.30,1.35
2017.04.21 02:37:40.159,0.7525,0.75272,1.35,2.10
2017.04.21 02:37:42.098,0.75249,0.75269,1.37,1.00
2017.04.21 02:37:42.907,0.75249,0.7527,1.30,1.75
2017.04.21 02:38:06.597,0.75248,0.75268,1.30,1.67
2017.04.21 02:38:18.612,0.75248,0.75268,1.67,1.67
2017.04.21 02:38:18.713,0.7525,0.7527,1.35,1.67
2017.04.21 02:38:19.267,0.75249,0.7527,2.05,1.67
2017.04.21 02:38:19.910,0.7525,0.75271,1.00,2.47
2017.04.21 02:38:27.793,0.7525,0.7527,2.85,1.37
2017.04.21 02:38:28.096,0.75258,0.75279,1.72,1.12
2017.04.21 02:38:28.456,0.75255,0.75278,1.87,1.37
2017.04.21 02:38:28.608,0.75254,0.75275,1.37,1.50
2017.04.21 02:38:37.964,0.75254,0.75276,1.12,1.75
2017.04.21 02:38:38.165,0.75256,0.75277,1.37,1.50
2017.04.21 02:38:41.262,0.75256,0.75279,1.75,1.75
2017.04.21 02:38:41.313,0.75258,0.75279,1.37,1.50
2017.04.21 02:38:43.755,0.75259,0.75281,1.37,1.12
2017.04.21 02:38:47.695,0.7526,0.75281,1.30,1.12
2017.04.21 02:38:48.224,0.75258,0.7528,1.37,2.05
2017.04.21 02:38:49.437,0.75257,0.75278,1.35,1.67
2017.04.21 02:38:50.661,0.75255,0.75277,2.10,1.60
2017.04.21 02:38:52.237,0.75254,0.75277,2.10,1.35
2017.04.21 02:38:52.762,0.75255,0.75275,1.00,1.30
2017.04.21 02:38:56.625,0.75255,0.75276,2.47,1.35
2017.04.21 02:38:57.581,0.75255,0.75276,1.87,1.72
2017.04.21 02:39:02.376,0.75255,0.75276,1.50,1.00
2017.04.21 02:39:07.928,0.75255,0.75276,2.10,1.72
2017.04.21 02:39:09.136,0.75255,0.75276,1.75,1.60
2017.04.21 02:39:13.361,0.75255,0.75276,1.75,1.35
2017.04.21 02:39:16.311,0.75255,0.75276,1.75,1.60
2017.04.21 02:39:17.758,0.75255,0.75276,1.75,1.60
2017.04.21 02:39:21.397,0.75255,0.75276,1.75,1.60
2017.04.21 02:39:22.590,0.75255,0.75276,1.75,1.35
2017.04.21 02:39:23.379,0.75255,0.75276,1.75,1.30
2017.04.21 02:39:24.177,0.75255,0.75277,1.75,1.97
2017.04.21 02:39:24.683,0.75255,0.75276,1.75,1.60
2017.04.21 02:39:26.548,0.75256,0.75277,1.00,3.22
2017.04.21 02:39:30.073,0.75256,0.75276,1.00,2.47
2017.04.21 02:39:30.969,0.75256,0.75275,1.00,1.30
2017.04.21 02:39:34.265,0.75256,0.75277,1.00,3.22
2017.04.21 02:39:38.366,0.75256,0.75275,1.00,1.30
2017.04.21 02:39:39.395,0.75256,0.75276,1.00,2.47
2017.04.21 02:39:39.496,0.75256,0.75274,1.00,2.47
2017.04.21 02:39:48.143,0.75251,0.75275,2.85,1.60
2017.04.21 02:39:48.806,0.75255,0.75275,1.50,1.30
2017.04.21 02:39:49.342,0.75254,0.75275,1.75,1.60
2017.04.21 02:39:49.886,0.75255,0.75275,1.50,1.00
2017.04.21 02:39:50.043,0.75255,0.75278,1.87,2.85
2017.04.21 02:39:50.388,0.75263,0.75283,1.35,1.12
2017.04.21 02:39:50.540,0.75263,0.75286,1.35,1.97
2017.04.21 02:39:50.691,0.75262,0.75285,2.25,1.97
2017.04.21 02:39:52.180,0.75262,0.75283,1.75,1.67
2017.04.21 02:39:52.798,0.75262,0.75283,1.50,1.67
2017.04.21 02:39:54.092,0.75261,0.75283,1.75,1.35
2017.04.21 02:39:54.667,0.75261,0.75282,1.12,1.30
2017.04.21 02:39:55.202,0.7526,0.75281,1.75,1.30
2017.04.21 02:40:00.467,0.7526,0.75283,1.75,1.97
2017.04.21 02:40:01.812,0.75259,0.7528,1.75,1.30
2017.04.21 02:40:02.661,0.75259,0.7528,1.75,1.60
2017.04.21 02:40:06.590,0.75259,0.7528,1.75,1.00
2017.04.21 02:40:18.788,0.75259,0.7528,1.12,1.60
2017.04.21 02:40:23.684,0.75259,0.7528,1.37,1.35
2017.04.21 02:40:24.590,0.75258,0.75281,1.87,1.35
2017.04.21 02:40:25.736,0.75258,0.7528,1.87,1.30
2017.04.21 02:40:36.683,0.75258,0.75279,1.50,1.60
2017.04.21 02:40:36.784,0.75258,0.75278,1.50,1.30
2017.04.21 02:40:38.212,0.75258,0.75278,1.50,1.60
2017.04.21 02:40:38.413,0.75256,0.75276,1.00,1.35
2017.04.21 02:40:38.565,0.75255,0.75275,1.12,1.72
2017.04.21 02:40:38.952,0.7525,0.75274,1.87,3.60
2017.04.21 02:40:39.053,0.7525,0.75272,1.50,1.35
2017.04.21 02:40:39.261,0.75251,0.75272,1.37,1.35
2017.04.21 02:40:39.607,0.7525,0.75272,1.12,3.22
2017.04.21 02:40:40.155,0.75248,0.75268,1.00,1.35
2017.04.21 02:40:41.185,0.75248,0.75268,1.00,1.60
2017.04.21 02:40:42.011,0.75246,0.75268,1.50,2.05
2017.04.21 02:40:44.822,0.75246,0.75268,1.50,2.05
2017.04.21 02:40:54.403,0.75246,0.75266,1.00,1.00
2017.04.21 02:40:58.682,0.75245,0.75266,2.25,1.60
2017.04.21 02:40:59.494,0.75245,0.75266,2.85,1.00
2017.04.21 02:40:59.544,0.75248,0.7527,1.30,2.47
2017.04.21 02:40:59.746,0.7525,0.75272,1.37,1.12
2017.04.21 02:40:59.978,0.7525,0.75273,2.05,1.37
2017.04.21 02:41:04.840,0.7525,0.75273,1.12,1.97
2017.04.21 02:41:06.341,0.7525,0.75272,2.05,1.30
2017.04.21 02:41:06.392,0.75247,0.7527,3.37,1.00
2017.04.21 02:41:06.593,0.7525,0.75272,1.35,1.30
2017.04.21 02:41:06.644,0.7525,0.75269,1.50,1.30
2017.04.21 02:41:07.315,0.7525,0.75271,2.25,1.35
2017.04.21 02:41:07.852,0.75251,0.75271,1.00,1.67
2017.04.21 02:41:08.211,0.75251,0.75272,1.50,1.30
2017.04.21 02:41:26.575,0.75252,0.75274,1.12,1.72
2017.04.21 02:41:29.944,0.75251,0.75274,1.35,1.67
2017.04.21 02:41:30.708,0.75251,0.75273,2.47,1.37
2017.04.21 02:41:57.386,0.75251,0.75274,1.87,2.10
2017.04.21 02:41:57.688,0.75253,0.75274,1.50,1.30
2017.04.21 02:42:06.537,0.75251,0.75274,1.12,1.60
2017.04.21 02:42:06.688,0.75249,0.75273,2.62,2.85
2017.04.21 02:42:06.739,0.75249,0.75272,2.62,1.72
2017.04.21 02:42:09.911,0.75248,0.75271,2.10,1.60
2017.04.21 02:42:17.311,0.7525,0.75271,1.75,1.35
2017.04.21 02:42:18.494,0.7525,0.75271,1.75,1.60
2017.04.21 02:42:18.544,0.7525,0.75269,1.12,1.30
2017.04.21 02:42:46.593,0.75248,0.75269,1.37,1.37
2017.04.21 02:42:51.380,0.75248,0.75268,2.10,1.30
2017.04.21 02:42:51.915,0.75249,0.75268,1.00,1.30
2017.04.21 02:42:52.066,0.7525,0.7527,1.72,1.35
2017.04.21 02:42:52.167,0.75251,0.75273,2.05,1.97
2017.04.21 02:42:52.419,0.75255,0.75276,1.30,2.05
2017.04.21 02:42:52.470,0.75255,0.75276,1.72,1.72
2017.04.21 02:42:53.010,0.75255,0.75277,2.47,1.35
2017.04.21 02:42:58.187,0.75256,0.75279,3.60,2.05
2017.04.21 02:42:58.288,0.75256,0.75279,2.85,1.67
2017.04.21 02:43:05.785,0.75257,0.75277,1.67,1.30
2017.04.21 02:43:11.047,0.75256,0.75279,1.72,1.97
2017.04.21 02:43:11.799,0.75256,0.75279,1.72,1.97
2017.04.21 02:43:26.527,0.75257,0.75278,1.30,1.35
2017.04.21 02:43:28.217,0.75257,0.75278,1.35,1.72
2017.04.21 02:43:34.486,0.75257,0.75278,1.00,1.97
2017.04.21 02:43:36.055,0.75257,0.75277,1.35,1.30
2017.04.21 02:43:38.312,0.75257,0.75278,1.60,1.72
2017.04.21 02:43:38.910,0.75257,0.75278,2.10,1.35
2017.04.21 02:43:40.261,0.75258,0.75278,1.35,1.35
2017.04.21 02:43:42.061,0.75257,0.75278,2.10,1.00
2017.04.21 02:43:42.611,0.75257,0.75278,2.10,1.35
2017.04.21 02:43:43.714,0.75257,0.75278,1.35,1.00
2017.04.21 02:43:46.556,0.75257,0.75278,1.67,1.00
2017.04.21 02:43:49.584,0.75257,0.75279,1.72,1.97
2017.04.21 02:43:50.411,0.75256,0.75278,2.05,1.60
2017.04.21 02:43:51.048,0.75257,0.75278,1.67,1.60
2017.04.21 02:43:55.910,0.75256,0.75278,1.35,1.97
2017.04.21 02:43:56.945,0.75255,0.75277,3.22,1.30
2017.04.21 02:43:58.803,0.75255,0.75277,2.85,1.97
2017.04.21 02:43:59.587,0.75255,0.75277,2.85,2.10
2017.04.21 02:44:05.534,0.75251,0.75275,1.87,2.85
2017.04.21 02:44:05.757,0.75252,0.75273,1.87,1.60
2017.04.21 02:44:07.179,0.75252,0.75273,1.50,1.72
2017.04.21 02:44:07.692,0.75253,0.75273,1.30,1.30
2017.04.21 02:44:07.793,0.75252,0.75275,3.22,1.97
2017.04.21 02:44:07.951,0.75255,0.75275,1.30,1.30
2017.04.21 02:44:08.517,0.75253,0.75275,2.10,1.60
2017.04.21 02:44:08.618,0.75255,0.75275,1.30,1.30
2017.04.21 02:44:11.256,0.75256,0.75276,1.30,1.67
2017.04.21 02:44:11.307,0.75257,0.75278,1.72,1.35
2017.04.21 02:44:11.408,0.75258,0.75278,1.30,1.30
2017.04.21 02:44:11.549,0.75257,0.75279,2.47,1.60
2017.04.21 02:44:11.599,0.75259,0.7528,1.67,1.67
2017.04.21 02:44:15.271,0.7526,0.75281,1.60,1.75
2017.04.21 02:44:15.795,0.75261,0.75282,1.67,1.67
2017.04.21 02:44:15.997,0.75263,0.75284,1.30,1.35
2017.04.21 02:44:16.544,0.75264,0.75285,1.60,1.87
2017.04.21 02:44:16.858,0.75266,0.75287,1.67,1.67
2017.04.21 02:44:17.275,0.75264,0.75286,1.12,2.85
2017.04.21 02:44:17.426,0.7526,0.75282,1.35,1.60
2017.04.21 02:44:17.527,0.75261,0.75282,1.00,2.05
2017.04.21 02:44:33.131,0.7526,0.75281,1.00,1.72
2017.04.21 02:44:35.558,0.7526,0.75281,1.00,1.72
2017.04.21 02:44:37.536,0.7526,0.75281,1.00,1.72
2017.04.21 02:44:38.117,0.7526,0.75281,1.00,1.72
2017.04.21 02:44:42.519,0.7526,0.75281,1.00,1.12
2017.04.21 02:44:43.445,0.75262,0.75281,1.12,1.00
2017.04.21 02:44:43.874,0.75259,0.75281,1.50,1.35
2017.04.21 02:44:44.676,0.75259,0.75279,1.00,1.67
2017.04.21 02:44:51.412,0.75256,0.75278,1.35,1.60
2017.04.21 02:44:51.815,0.75255,0.75277,2.10,2.10
2017.04.21 02:44:51.966,0.7525,0.75272,1.75,2.85
2017.04.21 02:44:52.017,0.7525,0.75272,1.75,3.22
2017.04.21 02:44:52.118,0.75247,0.75269,2.05,1.72
2017.04.21 02:44:52.622,0.75246,0.75268,1.12,1.67
2017.04.21 02:44:53.146,0.75249,0.7527,1.12,2.05
2017.04.21 02:45:00.659,0.7525,0.7527,1.00,2.05
2017.04.21 02:45:01.200,0.75246,0.75268,2.05,1.00
2017.04.21 02:45:02.702,0.75246,0.75268,1.37,1.72
2017.04.21 02:45:02.753,0.75246,0.75268,1.00,2.10
2017.04.21 02:45:06.888,0.75245,0.75267,3.22,1.00
2017.04.21 02:45:44.565,0.75247,0.75268,1.67,1.72
2017.04.21 02:45:45.014,0.75247,0.75268,1.30,2.05
2017.04.21 02:46:20.915,0.75246,0.75269,2.10,1.35
2017.04.21 02:46:21.016,0.75247,0.75268,2.10,1.35
2017.04.21 02:46:21.117,0.75247,0.75269,1.72,1.97
2017.04.21 02:46:21.702,0.75247,0.75268,1.30,1.35
2017.04.21 02:46:31.680,0.75245,0.75266,1.35,1.60
2017.04.21 02:46:31.731,0.75244,0.75265,1.72,1.35
2017.04.21 02:46:32.654,0.75244,0.75265,1.35,1.60
2017.04.21 02:46:35.480,0.75244,0.75265,1.00,1.35
2017.04.21 02:46:35.531,0.75243,0.75264,1.67,2.05
2017.04.21 02:46:35.928,0.75241,0.75263,1.72,1.37
2017.04.21 02:46:36.444,0.75241,0.75261,1.12,1.30
2017.04.21 02:46:47.939,0.7524,0.75262,2.25,1.37
2017.04.21 02:46:53.163,0.7524,0.75254,1.12,1.00
2017.04.21 02:46:53.266,0.75232,0.75253,1.12,1.75
2017.04.21 02:46:53.467,0.7523,0.75248,1.12,1.00
2017.04.21 02:46:54.135,0.75229,0.75248,2.25,1.00
2017.04.21 02:46:55.261,0.7523,0.75248,1.12,1.00
2017.04.21 02:46:55.463,0.75227,0.7525,2.25,2.10
2017.04.21 02:46:55.616,0.7523,0.7525,1.00,2.10
2017.04.21 02:46:59.944,0.75227,0.7525,1.50,2.10
2017.04.21 02:47:00.718,0.7523,0.75249,1.00,1.12
2017.04.21 02:47:00.882,0.7523,0.7525,1.00,1.72
2017.04.21 02:47:01.543,0.75231,0.75252,1.35,1.87
2017.04.21 02:47:04.262,0.75231,0.75252,2.10,1.50
2017.04.21 02:47:04.463,0.75235,0.75252,1.00,1.00
2017.04.21 02:47:04.969,0.75235,0.75254,1.00,1.67
2017.04.21 02:47:15.662,0.75233,0.75254,1.00,1.97
2017.04.21 02:47:16.210,0.75232,0.75254,1.50,1.72
2017.04.21 02:47:16.712,0.75231,0.75253,1.12,1.72
2017.04.21 02:47:16.913,0.7523,0.75251,4.35,1.30
2017.04.21 02:47:17.739,0.7523,0.75252,2.62,3.22
2017.04.21 02:47:18.263,0.7523,0.75251,1.35,2.05
2017.04.21 02:47:18.314,0.7523,0.75251,1.67,1.30
2017.04.21 02:47:18.572,0.75232,0.75252,1.60,1.50
2017.04.21 02:47:18.935,0.75229,0.75251,1.72,1.12
2017.04.21 02:47:19.611,0.7523,0.75249,1.00,1.00
2017.04.21 02:47:19.863,0.75227,0.75247,1.30,1.00
2017.04.21 02:47:19.913,0.75226,0.75248,1.72,1.12
2017.04.21 02:47:20.014,0.75227,0.7525,1.72,1.75
2017.04.21 02:47:20.241,0.75227,0.75247,2.10,1.37
2017.04.21 02:47:20.642,0.75227,0.75248,2.47,1.37
2017.04.21 02:47:21.374,0.7523,0.75249,1.50,1.12
2017.04.21 02:47:21.670,0.75227,0.75247,1.00,1.35
2017.04.21 02:47:24.051,0.75229,0.75248,2.10,1.87
2017.04.21 02:47:24.367,0.7523,0.75253,1.60,1.35
2017.04.21 02:47:25.384,0.7523,0.75254,2.10,2.85
2017.04.21 02:47:25.657,0.75229,0.75251,1.35,2.10
2017.04.21 02:47:26.862,0.75227,0.75249,2.47,1.72
2017.04.21 02:47:33.148,0.75225,0.75246,1.50,1.30
2017.04.21 02:47:34.240,0.75227,0.75247,1.00,1.37
2017.04.21 02:47:34.661,0.75225,0.75247,1.72,2.05
2017.04.21 02:47:35.296,0.75226,0.75247,1.00,1.72
2017.04.21 02:47:35.797,0.75225,0.75247,3.60,1.67
2017.04.21 02:47:36.108,0.75225,0.75247,1.35,1.35
2017.04.21 02:47:36.583,0.75225,0.75246,3.60,1.00
2017.04.21 02:47:44.362,0.75226,0.75246,1.00,1.12
2017.04.21 02:48:02.895,0.75227,0.75246,1.50,1.00
2017.04.21 02:48:08.112,0.75227,0.75248,2.10,1.35
2017.04.21 02:48:12.385,0.75227,0.75248,2.25,1.00
2017.04.21 02:48:14.265,0.75227,0.75248,2.85,1.00
2017.04.21 02:48:15.638,0.75227,0.75248,2.25,1.60
2017.04.21 02:48:18.831,0.75227,0.75246,1.00,1.60
2017.04.21 02:48:18.983,0.75224,0.75246,2.10,1.35
2017.04.21 02:48:19.785,0.75224,0.75246,3.22,1.72
2017.04.21 02:48:19.936,0.75221,0.75243,2.10,1.30
2017.04.21 02:48:20.037,0.75221,0.75243,2.25,1.35
2017.04.21 02:48:20.902,0.75221,0.75243,1.60,2.10
2017.04.21 02:48:22.949,0.75221,0.75243,1.30,1.12
2017.04.21 02:48:26.288,0.7522,0.75242,2.85,1.37
2017.04.21 02:48:27.744,0.75221,0.75242,1.30,1.37
2017.04.21 02:48:28.620,0.7522,0.75242,1.72,2.05
2017.04.21 02:48:29.212,0.7522,0.75241,1.00,1.35
2017.04.21 02:48:52.208,0.7522,0.75241,1.37,1.35
2017.04.21 02:48:58.013,0.7522,0.75241,1.00,1.35
2017.04.21 02:49:00.312,0.7522,0.75241,1.37,1.35
2017.04.21 02:49:01.445,0.7522,0.75241,1.12,1.35
2017.04.21 02:49:26.509,0.7522,0.7524,1.00,1.72
2017.04.21 02:49:35.718,0.75218,0.7524,2.10,2.05
2017.04.21 02:49:41.461,0.75218,0.75239,2.10,1.67
2017.04.21 02:49:41.562,0.75217,0.75238,1.50,1.67
2017.04.21 02:49:41.934,0.75215,0.75236,2.47,1.67
2017.04.21 02:49:42.638,0.75215,0.75236,2.10,1.12
2017.04.21 02:50:00.532,0.75217,0.75236,1.00,1.12
2017.04.21 02:50:05.509,0.75215,0.75236,2.85,1.12
2017.04.21 02:50:06.561,0.75215,0.75236,2.85,1.12
2017.04.21 02:50:07.670,0.75215,0.75235,2.85,1.00
2017.04.21 02:50:28.673,0.75216,0.75236,1.67,1.67
2017.04.21 02:50:38.075,0.75216,0.75236,1.30,1.67
2017.04.21 02:50:44.786,0.75216,0.75236,1.67,1.67
2017.04.21 02:50:46.519,0.75217,0.75236,1.00,1.35
2017.04.21 02:50:47.946,0.75217,0.75237,1.37,1.67
2017.04.21 02:50:49.011,0.75217,0.75236,1.37,1.30
2017.04.21 02:50:49.567,0.75217,0.75237,1.37,1.67
2017.04.21 02:50:49.819,0.75219,0.75239,1.12,1.30
2017.04.21 02:50:56.512,0.7522,0.75239,1.00,1.30
2017.04.21 02:50:58.367,0.7522,0.75241,1.50,1.12
2017.04.21 02:50:59.200,0.7522,0.7524,1.12,1.67
2017.04.21 02:51:04.557,0.75222,0.75243,1.30,2.05
2017.04.21 02:51:06.311,0.75221,0.75244,1.97,2.05
2017.04.21 02:51:08.522,0.75222,0.75244,1.35,1.35
2017.04.21 02:51:08.623,0.75223,0.75245,2.10,1.87
2017.04.21 02:51:08.895,0.75223,0.75245,1.30,1.35
2017.04.21 02:51:09.557,0.75221,0.75244,2.10,2.10
2017.04.21 02:51:09.856,0.75221,0.75242,1.72,1.67
2017.04.21 02:51:10.057,0.7522,0.75242,2.10,1.97
2017.04.21 02:51:20.515,0.7522,0.7524,1.60,1.00
2017.04.21 02:51:21.283,0.7522,0.7524,1.60,1.00
2017.04.21 02:51:21.958,0.7522,0.7524,1.60,1.00
2017.04.21 02:51:22.387,0.75219,0.75241,2.10,1.35
2017.04.21 02:51:26.212,0.75218,0.75238,1.37,1.30
2017.04.21 02:51:27.291,0.75217,0.75238,2.47,1.67
2017.04.21 02:51:36.214,0.75217,0.75238,2.05,1.30
2017.04.21 02:51:46.505,0.75218,0.75239,1.35,2.05
2017.04.21 02:51:48.475,0.75217,0.7524,1.97,2.05
2017.04.21 02:51:53.510,0.75218,0.7524,1.60,1.12
2017.04.21 02:51:53.712,0.7522,0.7524,1.60,1.37
2017.04.21 02:51:54.615,0.7522,0.7524,1.72,1.37
2017.04.21 02:51:54.711,0.75221,0.7524,2.10,1.37
2017.04.21 02:52:06.817,0.7522,0.75241,1.97,1.12
2017.04.21 02:52:08.459,0.75221,0.75241,1.30,1.12
2017.04.21 02:52:13.237,0.7522,0.75241,1.35,1.35
2017.04.21 02:52:13.811,0.7522,0.75242,1.60,2.05
2017.04.21 02:52:15.120,0.7522,0.75241,1.67,1.12
2017.04.21 02:52:16.253,0.75219,0.75242,3.22,2.05
2017.04.21 02:52:19.610,0.7522,0.75241,2.10,1.12
2017.04.21 02:52:22.451,0.75223,0.75244,1.00,1.35
2017.04.21 02:52:22.602,0.75225,0.75243,1.50,1.00
2017.04.21 02:52:22.653,0.75226,0.75245,1.12,1.30
2017.04.21 02:52:46.599,0.75226,0.75247,2.25,1.97
2017.04.21 02:52:50.433,0.75226,0.75246,2.25,1.30
2017.04.21 02:52:50.954,0.75226,0.75247,2.25,1.97
2017.04.21 02:52:51.710,0.75226,0.75247,1.50,1.72
2017.04.21 02:52:55.111,0.75226,0.75247,1.50,1.97
2017.04.21 02:52:55.883,0.75226,0.75246,1.50,1.30
2017.04.21 02:52:56.435,0.75226,0.75247,1.50,1.97
2017.04.21 02:52:58.709,0.75226,0.75247,1.50,1.72
2017.04.21 02:53:02.329,0.75226,0.75247,1.50,1.97
2017.04.21 02:53:03.111,0.75226,0.75247,1.50,3.22
2017.04.21 02:53:03.732,0.75226,0.75247,1.50,3.22
2017.04.21 02:53:04.686,0.75226,0.75247,1.50,3.22
2017.04.21 02:53:26.665,0.75224,0.75242,2.25,2.10
2017.04.21 02:53:26.766,0.75222,0.75242,1.67,1.35
2017.04.21 02:53:27.303,0.75224,0.75245,1.00,2.85
2017.04.21 02:53:27.810,0.75225,0.75245,1.00,1.72
2017.04.21 02:53:28.517,0.75225,0.75245,1.00,1.72
2017.04.21 02:53:30.900,0.75224,0.75245,1.72,1.60
2017.04.21 02:53:35.721,0.75226,0.75245,1.00,1.60
2017.04.21 02:53:35.772,0.75226,0.75245,1.00,1.35
2017.04.21 02:53:41.306,0.75225,0.75245,1.30,1.00
2017.04.21 02:53:42.010,0.75224,0.75245,2.47,1.35
2017.04.21 02:53:43.105,0.75225,0.75247,1.97,2.47
2017.04.21 02:54:00.526,0.75225,0.75244,1.72,1.30
2017.04.21 02:54:04.297,0.75225,0.75246,2.10,2.85
2017.04.21 02:54:07.967,0.75225,0.75246,1.50,2.85
2017.04.21 02:54:12.783,0.75226,0.75246,1.12,2.85
2017.04.21 02:54:12.935,0.75225,0.75247,2.47,2.85
2017.04.21 02:54:13.818,0.75226,0.75246,1.35,1.30
2017.04.21 02:54:14.914,0.75227,0.75247,1.50,1.60
2017.04.21 02:54:18.665,0.75226,0.75247,1.35,1.60
2017.04.21 02:54:21.507,0.75225,0.75247,2.85,1.60
2017.04.21 02:54:22.512,0.75226,0.75247,2.05,1.60
2017.04.21 02:54:23.277,0.75226,0.75247,1.12,1.35
2017.04.21 02:54:24.341,0.75227,0.75248,1.67,1.35
2017.04.21 02:54:25.014,0.75227,0.75248,1.72,1.67
2017.04.21 02:54:30.184,0.75228,0.75249,2.10,1.60
2017.04.21 02:54:31.077,0.75228,0.75249,2.10,1.30
2017.04.21 02:54:34.302,0.75228,0.7525,2.10,1.35
2017.04.21 02:54:35.127,0.75227,0.75249,2.05,1.30
2017.04.21 02:54:40.244,0.75228,0.75251,1.67,3.97
2017.04.21 02:54:50.224,0.75229,0.75249,1.67,1.30
2017.04.21 02:54:57.490,0.75228,0.7525,1.35,2.10
2017.04.21 02:55:01.553,0.75227,0.75248,2.10,1.72
2017.04.21 02:55:02.294,0.75228,0.75247,1.30,1.30
2017.04.21 02:55:02.871,0.75227,0.75248,2.10,1.97
2017.04.21 02:55:03.380,0.75227,0.75247,1.50,1.60
2017.04.21 02:55:05.490,0.75226,0.75248,1.75,3.22
2017.04.21 02:55:06.458,0.75226,0.75247,1.35,2.85
2017.04.21 02:55:07.615,0.75223,0.75244,1.75,2.47
2017.04.21 02:55:07.767,0.75225,0.75246,1.00,3.22
2017.04.21 02:55:07.868,0.75225,0.75245,1.00,1.30
2017.04.21 02:55:08.573,0.75225,0.75246,1.12,1.97
2017.04.21 02:55:10.866,0.75225,0.75246,1.12,1.72
2017.04.21 02:55:11.587,0.75225,0.75246,2.47,1.72
2017.04.21 02:55:11.638,0.75225,0.75243,1.00,1.30
2017.04.21 02:55:12.046,0.75224,0.75244,1.60,1.12
2017.04.21 02:55:12.197,0.75222,0.75243,1.37,1.35
2017.04.21 02:55:12.715,0.75221,0.75242,2.05,1.35
2017.04.21 02:55:14.269,0.75221,0.75242,1.12,1.60
2017.04.21 02:55:15.825,0.7522,0.75242,1.87,1.35
2017.04.21 02:55:16.610,0.75221,0.75242,1.35,1.60
2017.04.21 02:55:27.971,0.7522,0.75241,2.47,1.00
2017.04.21 02:55:36.865,0.7522,0.75241,1.87,1.60
2017.04.21 02:55:43.156,0.7522,0.75241,1.35,1.72
2017.04.21 02:55:43.207,0.7522,0.75241,1.12,1.35
2017.04.21 02:55:43.336,0.7522,0.75239,1.00,1.30
2017.04.21 02:55:43.387,0.75217,0.75239,1.35,1.97
2017.04.21 02:55:43.543,0.75216,0.75238,2.85,2.05
2017.04.21 02:55:43.803,0.75217,0.75238,1.35,1.60
2017.04.21 02:55:44.399,0.75218,0.75238,1.67,1.35
2017.04.21 02:55:56.487,0.75217,0.75238,1.35,1.60
2017.04.21 02:56:05.442,0.75218,0.75238,1.67,1.35
2017.04.21 02:56:07.782,0.75217,0.75239,1.35,1.97
2017.04.21 02:56:09.130,0.75218,0.75238,1.67,1.30
2017.04.21 02:56:15.012,0.75217,0.75239,1.35,3.22
2017.04.21 02:56:17.810,0.75216,0.75238,2.85,1.60
2017.04.21 02:56:20.355,0.75216,0.75237,1.75,2.47
2017.04.21 02:56:22.761,0.75216,0.75238,1.75,3.22
2017.04.21 02:56:26.480,0.75216,0.75237,2.10,2.47
2017.04.21 02:56:26.581,0.75216,0.75237,2.10,2.47
2017.04.21 02:56:27.279,0.75216,0.75238,1.50,3.22
2017.04.21 02:56:27.829,0.75216,0.75238,1.50,3.22
2017.04.21 02:56:29.771,0.75215,0.75236,2.10,1.30
2017.04.21 02:56:29.873,0.75212,0.75234,1.75,1.60
2017.04.21 02:56:30.024,0.75214,0.75233,1.30,1.00
2017.04.21 02:56:30.424,0.75213,0.75236,2.47,3.22
2017.04.21 02:56:31.610,0.75214,0.75237,1.75,3.22
2017.04.21 02:56:31.711,0.75213,0.75236,1.12,3.60
2017.04.21 02:56:31.935,0.75213,0.75234,1.37,2.85
2017.04.21 02:56:32.775,0.75211,0.75231,1.35,1.35
2017.04.21 02:56:47.941,0.75211,0.75231,1.35,1.35
2017.04.21 02:57:03.211,0.75211,0.75231,1.75,1.60
2017.04.21 02:57:06.495,0.75213,0.75231,1.00,1.00
2017.04.21 02:57:10.156,0.75213,0.75232,1.35,1.12
2017.04.21 02:57:18.252,0.75213,0.75231,1.00,1.72
2017.04.21 02:57:18.555,0.75209,0.75228,1.35,1.00
2017.04.21 02:57:18.606,0.7521,0.75228,1.30,1.00
2017.04.21 02:57:19.662,0.75209,0.75228,1.35,1.00
2017.04.21 02:57:20.203,0.75208,0.75228,1.35,1.00
2017.04.21 02:57:20.729,0.7521,0.75229,1.35,1.12
2017.04.21 02:57:20.782,0.7521,0.75229,1.67,1.00
2017.04.21 02:57:22.294,0.7521,0.7523,1.72,1.72
2017.04.21 02:57:22.963,0.7521,0.75229,1.72,1.00
2017.04.21 02:57:28.626,0.7521,0.75229,1.30,1.50
2017.04.21 02:57:32.624,0.75209,0.75228,1.67,1.00
2017.04.21 02:57:42.465,0.75209,0.75228,1.35,1.00
2017.04.21 02:57:43.700,0.7521,0.75228,1.30,1.00
2017.04.21 02:57:46.656,0.75209,0.75228,1.30,1.50
2017.04.21 02:57:47.303,0.75208,0.75228,1.35,1.12
2017.04.21 02:57:48.472,0.75209,0.75229,1.30,2.85
2017.04.21 02:57:51.914,0.75209,0.75227,1.30,1.00
2017.04.21 02:57:57.311,0.75207,0.75227,1.75,1.60
2017.04.21 02:57:58.567,0.75207,0.75227,1.35,1.00
2017.04.21 02:57:59.140,0.75206,0.75228,2.05,2.47
2017.04.21 02:57:59.691,0.75209,0.75227,1.30,1.00
2017.04.21 02:58:04.607,0.75208,0.75227,1.35,1.00
2017.04.21 02:58:06.161,0.75209,0.75227,1.30,1.00
2017.04.21 02:58:07.643,0.75209,0.75228,1.30,1.87
2017.04.21 02:58:15.403,0.75207,0.75228,3.60,1.50
2017.04.21 02:58:16.227,0.75209,0.75228,1.30,1.50
2017.04.21 02:58:27.736,0.75208,0.75228,1.35,1.00
2017.04.21 02:58:35.278,0.75208,0.75228,1.60,1.00
2017.04.21 02:58:39.186,0.75208,0.75229,1.60,2.47
2017.04.21 02:58:42.345,0.75208,0.75228,1.60,1.00
2017.04.21 02:58:46.400,0.75208,0.75224,1.00,1.00
2017.04.21 02:58:46.552,0.75204,0.75224,1.35,1.00
2017.04.21 02:58:48.332,0.75205,0.75227,1.35,2.10
2017.04.21 02:58:49.964,0.75204,0.75226,1.35,1.72
2017.04.21 02:58:53.289,0.75205,0.75226,1.35,1.72
2017.04.21 02:58:54.338,0.75204,0.75226,1.35,1.72
2017.04.21 02:58:54.891,0.75205,0.75226,1.35,1.72
2017.04.21 02:59:06.651,0.75206,0.75227,1.00,3.60
2017.04.21 02:59:19.062,0.75206,0.75226,1.35,2.47
2017.04.21 02:59:20.087,0.75206,0.75226,1.00,1.60
2017.04.21 02:59:20.650,0.75206,0.75226,1.60,1.60
2017.04.21 02:59:21.911,0.75206,0.75226,1.35,1.60
2017.04.21 02:59:22.449,0.75205,0.75225,1.35,1.12
2017.04.21 02:59:26.511,0.75204,0.75225,1.35,1.72
2017.04.21 02:59:27.336,0.75206,0.75225,1.30,1.72
2017.04.21 02:59:27.994,0.75205,0.75225,1.67,1.72
2017.04.21 02:59:35.131,0.75205,0.75226,1.67,4.35
2017.04.21 02:59:35.687,0.75204,0.75225,2.05,1.30
2017.04.21 02:59:36.411,0.75204,0.75226,2.05,2.85
2017.04.21 02:59:37.242,0.75205,0.75226,1.67,3.60
2017.04.21 02:59:39.429,0.75205,0.75226,1.67,3.60
2017.04.21 02:59:40.756,0.75204,0.75225,2.05,1.30
2017.04.21 02:59:41.309,0.75205,0.75226,1.67,4.35
2017.04.21 02:59:43.300,0.75204,0.75225,2.05,1.30
2017.04.21 02:59:44.711,0.75205,0.75226,1.67,4.35
2017.04.21 02:59:53.377,0.75204,0.75224,1.35,1.60
2017.04.21 02:59:53.427,0.75202,0.75221,1.75,1.60
2017.04.21 02:59:53.679,0.75199,0.75218,1.50,1.35
2017.04.21 02:59:53.780,0.75199,0.75219,1.12,1.60
2017.04.21 02:59:54.430,0.75199,0.75218,1.00,1.60
2017.04.21 02:59:55.023,0.75199,0.75218,1.00,1.60
