2012.04.12 21:00:00.168,0.95077,0.95154,0.75,1.50
2012.04.12 21:00:00.476,0.95081,0.95147,0.75,1.50
2012.04.12 21:00:00.890,0.95081,0.95149,0.75,2.25
2012.04.12 21:00:05.433,0.95091,0.95144,0.75,0.75
2012.04.12 21:00:06.957,0.95082,0.95144,0.75,1.13
2012.04.12 21:00:08.437,0.95076,0.95144,0.75,1.88
2012.04.12 21:00:08.974,0.95076,0.95149,0.75,1.13
2012.04.12 21:00:09.316,0.95076,0.95159,0.75,0.75
2012.04.12 21:00:09.783,0.95072,0.95163,0.75,0.75
2012.04.12 21:00:11.804,0.95056,0.95149,0.75,0.75
2012.04.12 21:00:12.695,0.95071,0.95154,0.75,0.75
2012.04.12 21:00:14.213,0.95082,0.95153,0.75,0.75
2012.04.12 21:00:24.521,0.95082,0.95138,0.75,0.75
2012.04.12 21:00:24.834,0.95091,0.95139,0.75,0.75
2012.04.12 21:00:25.904,0.95096,0.95149,0.75,0.75
2012.04.12 21:00:28.125,0.95101,0.95154,0.75,0.75
2012.04.12 21:00:30.437,0.95097,0.95148,0.75,0.75
2012.04.12 21:00:31.234,0.95102,0.95153,0.75,0.75
2012.04.12 21:00:33.188,0.95096,0.95149,0.75,0.75
2012.04.12 21:00:57.307,0.95102,0.95153,0.75,0.75
2012.04.12 21:01:07.275,0.95076,0.95159,1.88,1.88
2012.04.12 21:01:30.368,0.95107,0.95153,1.00,1.00
2012.04.12 21:01:33.206,0.95111,0.95159,1.00,1.00
2012.04.12 21:01:34.996,0.95077,0.9516,1.88,1.88
2012.04.12 21:01:35.736,0.95077,0.9516,1.88,1.88
2012.04.12 21:01:38.706,0.95108,0.9516,2.18,1.88
2012.04.12 21:01:39.169,0.95108,0.9517,2.93,1.88
2012.04.12 21:01:39.985,0.95108,0.9517,2.93,1.88
2012.04.12 21:01:41.017,0.95098,0.95164,2.93,1.88
2012.04.12 21:01:41.187,0.95088,0.95164,2.93,1.13
2012.04.12 21:01:41.407,0.95117,0.95175,2.93,1.88
2012.04.12 21:01:45.459,0.95117,0.95175,2.93,1.88
2012.04.12 21:01:46.216,0.95107,0.95165,2.93,1.13
2012.04.12 21:01:55.847,0.95088,0.95165,2.93,1.13
2012.04.12 21:01:56.506,0.95088,0.95165,2.93,1.13
2012.04.12 21:01:58.627,0.95088,0.95161,2.93,1.13
2012.04.12 21:01:59.211,0.95088,0.95158,2.93,1.13
2012.04.12 21:02:27.968,0.95088,0.95158,2.93,1.13
2012.04.12 21:02:39.166,0.95088,0.95165,2.93,1.88
2012.04.12 21:02:40.183,0.95088,0.95162,2.93,1.13
2012.04.12 21:02:54.009,0.95088,0.95162,2.93,1.13
2012.04.12 21:02:57.217,0.95088,0.95157,2.93,1.13
2012.04.12 21:02:58.146,0.95088,0.95162,2.93,1.13
2012.04.12 21:03:01.711,0.95088,0.95162,2.93,1.13
2012.04.12 21:03:07.652,0.95088,0.95162,2.93,1.13
2012.04.12 21:03:14.588,0.95088,0.95162,2.93,1.13
2012.04.12 21:03:30.309,0.95088,0.95162,2.93,1.13
2012.04.12 21:03:45.549,0.95097,0.95162,2.93,1.13
2012.04.12 21:03:46.297,0.95087,0.95155,2.93,1.13
2012.04.12 21:03:47.747,0.95087,0.95155,2.93,1.88
2012.04.12 21:03:48.366,0.95087,0.95153,2.93,1.13
2012.04.12 21:03:57.216,0.95087,0.95153,2.93,1.88
2012.04.12 21:03:57.619,0.95088,0.95144,2.93,1.13
2012.04.12 21:03:57.737,0.95088,0.95149,2.93,1.13
2012.04.12 21:04:00.658,0.95088,0.95149,2.93,1.88
2012.04.12 21:04:02.627,0.95088,0.95149,2.93,1.88
2012.04.12 21:04:03.745,0.95097,0.95152,2.93,1.13
2012.04.12 21:04:26.285,0.95097,0.95152,2.93,1.88
2012.04.12 21:04:56.280,0.95098,0.95152,2.93,1.13
2012.04.12 21:04:59.027,0.95098,0.95152,2.93,1.13
2012.04.12 21:04:59.527,0.95098,0.95152,2.93,1.13
2012.04.12 21:05:03.101,0.95098,0.95159,2.93,1.13
2012.04.12 21:05:08.648,0.95098,0.95159,2.93,1.88
2012.04.12 21:05:11.474,0.95098,0.95171,2.93,1.88
2012.04.12 21:05:34.301,0.95098,0.95171,2.93,1.88
2012.04.12 21:05:35.130,0.95098,0.95171,2.93,1.88
2012.04.12 21:05:41.118,0.95108,0.95175,2.93,1.88
2012.04.12 21:05:44.087,0.95098,0.95175,2.93,1.88
2012.04.12 21:06:02.768,0.95107,0.95171,2.93,1.88
2012.04.12 21:07:01.589,0.95097,0.95164,2.93,1.88
2012.04.12 21:07:07.313,0.95087,0.95153,2.93,2.93
2012.04.12 21:07:15.281,0.95087,0.95153,2.93,2.18
2012.04.12 21:07:15.458,0.95097,0.95164,2.93,1.88
2012.04.12 21:08:10.228,0.95097,0.95173,2.93,2.93
2012.04.12 21:08:10.888,0.95098,0.95172,2.18,2.93
2012.04.12 21:08:21.942,0.95098,0.95159,2.18,1.88
2012.04.12 21:08:22.250,0.95098,0.95157,2.18,1.88
2012.04.12 21:08:22.983,0.95098,0.95157,2.93,1.88
2012.04.12 21:08:25.914,0.95098,0.95159,2.93,1.88
2012.04.12 21:08:28.370,0.95098,0.95156,2.93,1.88
2012.04.12 21:08:29.529,0.95098,0.95156,2.18,1.88
2012.04.12 21:08:31.951,0.95098,0.95156,2.18,1.88
2012.04.12 21:08:32.070,0.95098,0.95158,2.93,1.88
2012.04.12 21:08:35.779,0.95098,0.95162,2.18,2.93
2012.04.12 21:08:38.904,0.95098,0.95164,2.93,1.88
2012.04.12 21:09:09.370,0.95098,0.95164,2.93,1.88
2012.04.12 21:09:10.778,0.95087,0.95158,2.93,1.88
2012.04.12 21:09:21.141,0.95097,0.95164,2.18,1.88
2012.04.12 21:09:32.204,0.95097,0.95164,2.18,1.88
2012.04.12 21:09:32.269,0.95077,0.95143,2.93,2.93
2012.04.12 21:09:49.192,0.95077,0.95143,2.93,2.93
2012.04.12 21:10:01.990,0.95077,0.95143,2.93,2.93
2012.04.12 21:10:02.377,0.95068,0.95135,2.93,1.88
2012.04.12 21:10:02.842,0.95068,0.9513,2.93,1.88
2012.04.12 21:10:13.925,0.95068,0.9513,2.93,1.88
2012.04.12 21:10:18.490,0.95068,0.95128,2.93,1.13
2012.04.12 21:10:20.553,0.95068,0.95127,2.93,1.88
2012.04.12 21:10:27.500,0.95058,0.95127,2.93,1.88
2012.04.12 21:10:27.873,0.95058,0.95121,2.93,1.13
2012.04.12 21:10:30.340,0.95058,0.95121,2.93,1.13
2012.04.12 21:10:30.400,0.95058,0.95124,2.93,3.00
2012.04.12 21:10:33.411,0.95058,0.95126,2.93,1.88
2012.04.12 21:10:36.500,0.95058,0.95123,2.93,1.88
2012.04.12 21:10:36.689,0.9505,0.95118,1.13,1.88
2012.04.12 21:10:37.061,0.95068,0.95113,2.93,1.13
2012.04.12 21:10:37.420,0.95057,0.95113,2.93,1.50
2012.04.12 21:10:39.592,0.95048,0.95113,2.93,2.25
2012.04.12 21:10:39.652,0.95048,0.95105,2.93,1.13
2012.04.12 21:10:40.081,0.95048,0.95105,2.93,1.13
2012.04.12 21:10:40.199,0.95048,0.9511,2.93,1.50
2012.04.12 21:10:42.476,0.95048,0.9511,2.93,1.50
2012.04.12 21:10:43.612,0.95048,0.9511,2.93,1.13
2012.04.12 21:10:44.149,0.95058,0.95114,2.93,1.50
2012.04.12 21:10:45.809,0.95058,0.95114,2.93,1.13
2012.04.12 21:10:46.489,0.95058,0.95114,2.93,1.88
2012.04.12 21:10:49.234,0.95058,0.95114,2.93,1.13
2012.04.12 21:10:51.781,0.95057,0.95114,2.93,1.13
2012.04.12 21:10:51.900,0.95057,0.95119,2.93,1.13
2012.04.12 21:11:00.733,0.95057,0.9512,2.93,1.13
2012.04.12 21:11:00.932,0.95057,0.9512,2.93,1.88
2012.04.12 21:11:01.154,0.95057,0.9512,2.93,1.13
2012.04.12 21:11:04.461,0.95057,0.9512,2.93,1.13
2012.04.12 21:11:04.972,0.95067,0.9512,1.13,1.13
2012.04.12 21:11:05.550,0.95058,0.95119,2.93,1.88
2012.04.12 21:11:17.150,0.95066,0.95127,1.13,1.13
2012.04.12 21:11:17.210,0.95066,0.9514,1.13,1.13
2012.04.12 21:11:17.777,0.95066,0.9514,1.13,1.13
2012.04.12 21:11:22.909,0.95066,0.95143,1.13,1.13
2012.04.12 21:11:22.970,0.95066,0.95146,1.13,1.13
2012.04.12 21:11:33.962,0.95066,0.95146,1.13,1.88
2012.04.12 21:11:35.142,0.95067,0.95133,1.13,1.13
2012.04.12 21:11:35.980,0.95064,0.95133,1.88,1.13
2012.04.12 21:11:36.689,0.95058,0.95135,2.25,1.13
2012.04.12 21:11:39.192,0.9506,0.95134,1.88,1.50
2012.04.12 21:11:40.324,0.95057,0.95127,1.13,2.25
2012.04.12 21:11:41.582,0.95057,0.95127,1.13,1.50
2012.04.12 21:11:45.860,0.95062,0.95134,1.88,1.88
2012.04.12 21:11:58.542,0.95062,0.95134,1.88,1.88
2012.04.12 21:12:01.983,0.95074,0.95134,1.13,1.88
2012.04.12 21:12:06.825,0.9507,0.95134,1.13,1.88
2012.04.12 21:12:07.653,0.9507,0.95131,1.13,1.88
2012.04.12 21:12:09.972,0.9507,0.95131,1.13,1.88
2012.04.12 21:12:13.295,0.9507,0.95131,1.13,1.88
2012.04.12 21:12:25.183,0.95057,0.95125,4.05,1.88
2012.04.12 21:13:07.381,0.95063,0.95128,1.88,1.13
2012.04.12 21:14:04.761,0.95067,0.95131,1.88,1.13
2012.04.12 21:14:19.171,0.95067,0.95133,1.88,1.13
2012.04.12 21:14:21.392,0.95067,0.95132,1.88,1.13
2012.04.12 21:14:26.847,0.95067,0.95134,1.88,1.13
2012.04.12 21:14:27.178,0.95074,0.95135,1.88,1.88
2012.04.12 21:14:28.714,0.95076,0.95137,1.88,1.13
2012.04.12 21:14:29.304,0.95069,0.95137,1.88,2.25
2012.04.12 21:14:30.571,0.95069,0.95137,1.88,2.25
2012.04.12 21:14:36.426,0.9507,0.95137,1.13,2.25
2012.04.12 21:14:37.046,0.95075,0.95137,1.88,1.13
2012.04.12 21:14:37.552,0.95069,0.95135,2.25,1.88
2012.04.12 21:14:37.941,0.95069,0.95135,2.25,1.88
2012.04.12 21:14:38.922,0.95069,0.95135,2.25,1.88
2012.04.12 21:14:42.442,0.95069,0.95135,2.25,1.88
2012.04.12 21:14:42.502,0.95069,0.95135,2.25,1.88
2012.04.12 21:14:42.659,0.95069,0.95135,2.25,1.88
2012.04.12 21:14:57.195,0.9507,0.95135,1.13,1.88
2012.04.12 21:15:09.285,0.95069,0.95135,2.25,1.88
2012.04.12 21:15:14.463,0.95069,0.9513,1.13,1.88
2012.04.12 21:15:14.894,0.95073,0.95136,1.88,1.13
2012.04.12 21:15:55.057,0.95069,0.95135,1.13,1.88
2012.04.12 21:15:55.162,0.95069,0.95135,1.13,1.88
2012.04.12 21:15:57.580,0.95069,0.95135,1.13,1.88
2012.04.12 21:16:14.038,0.95068,0.95135,2.25,1.88
2012.04.12 21:16:20.860,0.95072,0.9513,1.13,1.88
2012.04.12 21:16:21.164,0.95073,0.95134,1.13,1.88
2012.04.12 21:16:23.148,0.95073,0.95134,1.13,1.88
2012.04.12 21:16:23.513,0.95073,0.95134,1.13,1.88
2012.04.12 21:16:25.162,0.95071,0.95134,1.13,1.88
2012.04.12 21:16:25.230,0.95068,0.95134,4.43,1.88
2012.04.12 21:16:58.652,0.95071,0.95133,1.50,2.93
2012.04.12 21:17:08.063,0.95076,0.95139,1.13,1.88
2012.04.12 21:17:16.261,0.95076,0.95132,1.13,2.93
2012.04.12 21:17:26.934,0.95076,0.95139,1.13,1.88
2012.04.12 21:18:27.570,0.95068,0.95142,2.93,2.18
2012.04.12 21:18:39.642,0.95068,0.95142,2.93,2.18
2012.04.12 21:18:40.653,0.95081,0.95143,1.13,2.93
2012.04.12 21:18:42.021,0.95077,0.95139,2.93,1.88
2012.04.12 21:18:48.970,0.95081,0.95133,1.13,2.93
2012.04.12 21:18:49.485,0.95074,0.95133,1.88,2.93
2012.04.12 21:18:51.739,0.95074,0.95133,1.88,2.93
2012.04.12 21:19:31.472,0.95068,0.95131,1.13,1.88
2012.04.12 21:19:31.782,0.95078,0.95139,1.13,1.88
2012.04.12 21:19:48.783,0.95076,0.9514,1.13,1.88
2012.04.12 21:20:45.880,0.95076,0.95142,1.13,2.93
2012.04.12 21:21:05.171,0.95072,0.95142,1.13,1.13
2012.04.12 21:21:05.229,0.95072,0.95142,1.13,1.13
2012.04.12 21:21:08.989,0.95076,0.95143,1.30,2.93
2012.04.12 21:21:09.048,0.95077,0.95143,1.30,2.93
2012.04.12 21:21:09.169,0.95079,0.95145,1.13,1.88
2012.04.12 21:21:14.620,0.95079,0.95145,1.88,1.88
2012.04.12 21:21:18.710,0.95079,0.95145,2.05,1.88
2012.04.12 21:21:18.831,0.95083,0.95146,1.30,1.13
2012.04.12 21:21:21.263,0.95083,0.95148,1.30,1.13
2012.04.12 21:21:21.485,0.95083,0.95146,1.30,1.13
2012.04.12 21:21:35.145,0.95083,0.9515,1.50,1.88
2012.04.12 21:21:35.504,0.95087,0.95151,3.85,1.88
2012.04.12 21:21:40.195,0.95087,0.9515,3.48,1.13
2012.04.12 21:21:40.322,0.95087,0.9515,3.30,1.13
2012.04.12 21:21:44.742,0.95087,0.95152,1.68,2.93
2012.04.12 21:21:46.534,0.95087,0.95151,3.48,1.13
2012.04.12 21:21:46.876,0.95087,0.95151,1.30,1.13
2012.04.12 21:21:50.757,0.95088,0.95151,1.13,1.13
2012.04.12 21:21:50.824,0.95088,0.95151,1.13,1.13
2012.04.12 21:22:00.365,0.95088,0.95151,1.13,1.13
2012.04.12 21:22:01.240,0.95082,0.95142,1.13,2.93
2012.04.12 21:22:01.963,0.95078,0.95142,1.13,2.93
2012.04.12 21:22:03.251,0.95077,0.95142,1.50,2.18
2012.04.12 21:22:03.311,0.95077,0.95144,1.50,1.88
2012.04.12 21:22:04.563,0.9508,0.95144,1.13,1.88
2012.04.12 21:22:04.902,0.95082,0.95148,1.88,1.88
2012.04.12 21:22:05.308,0.95086,0.95151,1.88,1.13
2012.04.12 21:22:07.433,0.95087,0.95153,2.55,2.93
2012.04.12 21:22:07.494,0.95087,0.95153,2.55,2.93
2012.04.12 21:22:08.716,0.95087,0.95153,2.55,2.93
2012.04.12 21:22:14.960,0.95087,0.9515,2.93,1.13
2012.04.12 21:22:17.411,0.95086,0.9515,1.88,1.13
2012.04.12 21:22:22.194,0.95082,0.95149,1.13,1.88
2012.04.12 21:22:28.048,0.95082,0.95144,1.13,1.88
2012.04.12 21:22:29.356,0.95082,0.95143,1.13,2.93
2012.04.12 21:22:30.349,0.95082,0.95142,1.13,2.93
2012.04.12 21:22:30.481,0.95082,0.95142,1.13,2.93
2012.04.12 21:22:31.043,0.95082,0.95143,1.13,2.93
2012.04.12 21:22:53.044,0.95082,0.95149,1.13,1.88
2012.04.12 21:23:05.982,0.95082,0.95143,1.13,2.93
2012.04.12 21:23:10.605,0.95081,0.95149,2.25,1.88
2012.04.12 21:23:13.384,0.95082,0.95149,1.13,1.88
2012.04.12 21:23:28.186,0.95081,0.95149,2.25,1.88
2012.04.12 21:23:29.286,0.95082,0.95149,1.13,1.88
2012.04.12 21:23:32.808,0.95081,0.9515,1.13,1.13
2012.04.12 21:23:33.358,0.95082,0.9515,1.13,1.13
2012.04.12 21:23:40.931,0.95086,0.95153,1.50,2.93
2012.04.12 21:23:40.992,0.95097,0.95153,1.13,2.93
2012.04.12 21:23:44.309,0.95099,0.95154,1.13,1.13
2012.04.12 21:23:44.371,0.95085,0.95153,1.50,1.88
2012.04.12 21:23:45.006,0.95085,0.95153,1.50,1.88
2012.04.12 21:23:54.294,0.95087,0.95153,1.13,1.88
2012.04.12 21:23:54.784,0.95098,0.9514,1.13,1.88
2012.04.12 21:23:55.334,0.95098,0.9514,1.13,1.88
2012.04.12 21:23:56.082,0.95098,0.95138,1.13,1.13
2012.04.12 21:23:56.202,0.95093,0.95136,1.13,1.13
2012.04.12 21:24:05.928,0.9508,0.95124,1.13,1.13
2012.04.12 21:24:05.993,0.9508,0.95124,1.88,1.13
2012.04.12 21:24:09.982,0.9508,0.95124,1.13,1.13
2012.04.12 21:24:10.261,0.9508,0.95124,1.88,1.13
2012.04.12 21:24:10.382,0.95087,0.9513,1.13,1.13
2012.04.12 21:24:10.565,0.95084,0.95124,1.13,1.13
2012.04.12 21:24:10.632,0.95081,0.95124,1.88,1.13
2012.04.12 21:24:14.846,0.95081,0.95124,1.88,1.13
2012.04.12 21:24:15.032,0.95089,0.95131,1.13,1.13
2012.04.12 21:24:49.622,0.95094,0.95133,1.13,1.13
2012.04.12 21:24:49.702,0.95094,0.95136,1.13,1.13
2012.04.12 21:25:10.121,0.95087,0.95131,1.13,1.13
2012.04.12 21:26:05.409,0.95089,0.95136,1.13,1.13
2012.04.12 21:26:23.058,0.95087,0.9513,2.25,1.13
2012.04.12 21:26:29.403,0.95087,0.95134,1.13,1.13
2012.04.12 21:26:35.570,0.95091,0.95134,1.13,1.13
2012.04.12 21:26:35.631,0.95092,0.95136,1.13,1.13
2012.04.12 21:26:42.288,0.95092,0.95136,1.13,1.88
2012.04.12 21:26:49.183,0.95088,0.9513,1.13,1.13
2012.04.12 21:26:49.244,0.95088,0.9513,1.88,1.13
2012.04.12 21:26:49.328,0.95088,0.9513,1.13,1.88
2012.04.12 21:26:52.185,0.95088,0.9513,1.88,1.13
2012.04.12 21:26:52.993,0.95093,0.95135,1.13,1.88
2012.04.12 21:26:56.982,0.95093,0.95135,1.13,1.13
2012.04.12 21:26:57.164,0.95093,0.95135,1.13,1.88
2012.04.12 21:27:03.145,0.95093,0.95135,1.13,1.13
2012.04.12 21:27:03.334,0.95097,0.95141,1.13,1.88
2012.04.12 21:27:06.234,0.95097,0.95141,1.13,1.88
2012.04.12 21:27:52.577,0.95097,0.95141,1.13,1.88
2012.04.12 21:27:52.643,0.95103,0.95145,1.13,1.88
2012.04.12 21:27:53.838,0.95108,0.95148,1.13,1.88
2012.04.12 21:27:54.159,0.95108,0.95149,1.13,1.13
2012.04.12 21:27:54.670,0.95108,0.95149,1.13,1.88
2012.04.12 21:27:56.604,0.95105,0.95145,1.13,1.13
2012.04.12 21:27:56.673,0.95102,0.95145,1.13,1.13
2012.04.12 21:28:01.804,0.95102,0.95145,1.13,1.88
2012.04.12 21:28:02.684,0.95107,0.9515,1.13,1.88
2012.04.12 21:28:07.709,0.95107,0.9515,1.13,1.88
2012.04.12 21:28:15.934,0.95107,0.9515,1.13,1.88
2012.04.12 21:28:17.241,0.95107,0.9515,1.13,1.88
2012.04.12 21:28:17.773,0.95107,0.9515,1.13,1.88
2012.04.12 21:28:19.737,0.95107,0.9515,1.13,1.88
2012.04.12 21:28:24.339,0.95107,0.9515,1.13,1.88
2012.04.12 21:28:25.787,0.95107,0.9515,1.13,1.88
2012.04.12 21:28:25.910,0.95107,0.9515,1.13,1.88
2012.04.12 21:28:43.651,0.9511,0.9515,1.13,1.88
2012.04.12 21:28:44.915,0.95112,0.95155,1.13,1.88
2012.04.12 21:28:47.671,0.95112,0.95155,1.13,1.88
2012.04.12 21:28:49.006,0.95115,0.95155,1.13,1.88
2012.04.12 21:28:49.177,0.95117,0.95159,1.13,1.88
2012.04.12 21:28:49.654,0.95117,0.95159,1.13,1.88
2012.04.12 21:28:52.524,0.95117,0.95159,1.13,1.88
2012.04.12 21:28:58.133,0.95117,0.95159,1.13,1.88
2012.04.12 21:29:18.913,0.95117,0.95159,1.13,1.88
2012.04.12 21:29:22.967,0.95117,0.95159,1.13,1.88
2012.04.12 21:29:49.104,0.95108,0.95172,2.18,2.93
2012.04.12 21:30:03.451,0.95108,0.95172,2.93,2.93
2012.04.12 21:30:27.629,0.95108,0.9517,2.18,1.13
2012.04.12 21:30:28.110,0.95113,0.95154,1.13,1.13
2012.04.12 21:30:39.463,0.95113,0.95154,1.13,1.88
2012.04.12 21:30:40.041,0.95113,0.95154,1.13,1.13
2012.04.12 21:30:47.416,0.95113,0.95153,1.13,1.13
2012.04.12 21:30:47.542,0.95107,0.95151,4.05,1.13
2012.04.12 21:31:03.231,0.95107,0.95151,1.88,1.13
2012.04.12 21:31:12.471,0.95107,0.95151,1.88,1.13
2012.04.12 21:31:36.951,0.95111,0.95151,1.13,1.13
2012.04.12 21:31:37.010,0.95113,0.95155,1.13,1.13
2012.04.12 21:31:37.552,0.95116,0.95155,1.13,1.13
2012.04.12 21:31:37.612,0.95118,0.9516,1.13,1.13
2012.04.12 21:31:54.352,0.95118,0.95156,1.13,1.13
2012.04.12 21:31:54.411,0.95112,0.95154,1.13,1.13
2012.04.12 21:32:10.481,0.95117,0.95159,1.13,1.13
2012.04.12 21:32:11.012,0.95117,0.95159,1.88,1.88
2012.04.12 21:32:11.396,0.95115,0.95155,1.13,1.88
2012.04.12 21:32:12.546,0.95112,0.95155,1.13,1.88
2012.04.12 21:32:12.673,0.95112,0.95155,1.88,1.13
2012.04.12 21:32:14.494,0.95112,0.95155,1.13,1.13
2012.04.12 21:32:15.472,0.95112,0.95155,1.88,1.13
2012.04.12 21:32:39.333,0.95112,0.95152,1.88,1.13
2012.04.12 21:32:40.312,0.95107,0.95151,4.05,1.13
2012.04.12 21:32:51.932,0.95113,0.95155,1.88,1.13
2012.04.12 21:33:03.087,0.95113,0.95155,1.13,1.13
2012.04.12 21:33:12.540,0.95113,0.95155,1.88,1.13
2012.04.12 21:33:21.993,0.95113,0.95155,1.13,1.88
2012.04.12 21:33:28.762,0.95113,0.95155,1.88,1.13
2012.04.12 21:33:28.822,0.95113,0.95155,1.13,1.13
2012.04.12 21:33:28.882,0.9511,0.95151,1.13,1.13
2012.04.12 21:33:29.132,0.95107,0.95151,4.05,1.13
2012.04.12 21:33:36.062,0.95107,0.95151,4.43,1.13
2012.04.12 21:33:36.487,0.95111,0.95162,1.88,1.88
2012.04.12 21:33:39.351,0.95116,0.95164,1.13,1.88
2012.04.12 21:33:45.655,0.95116,0.95164,1.13,1.88
2012.04.12 21:33:53.936,0.95116,0.95164,1.50,1.88
2012.04.12 21:33:54.003,0.95116,0.95164,1.50,1.88
2012.04.12 21:34:00.435,0.95111,0.95161,1.88,1.88
2012.04.12 21:34:00.876,0.95111,0.95161,1.88,1.88
2012.04.12 21:34:55.175,0.95115,0.95167,1.50,1.88
2012.04.12 21:34:55.242,0.95115,0.95167,1.50,1.88
2012.04.12 21:34:58.701,0.95115,0.95165,1.13,1.88
2012.04.12 21:34:58.821,0.9511,0.95161,1.13,1.88
2012.04.12 21:35:08.414,0.95105,0.95155,1.50,1.88
2012.04.12 21:35:16.292,0.95105,0.95155,1.13,1.13
2012.04.12 21:35:16.352,0.95113,0.95165,1.13,1.88
2012.04.12 21:35:17.937,0.95113,0.95165,1.13,1.88
2012.04.12 21:35:20.193,0.95113,0.95165,1.13,1.88
2012.04.12 21:35:42.111,0.95113,0.95165,1.13,1.88
2012.04.12 21:35:42.904,0.95113,0.95165,1.13,1.88
2012.04.12 21:35:53.991,0.95113,0.95165,1.13,1.88
2012.04.12 21:35:54.111,0.9511,0.95159,1.13,1.88
2012.04.12 21:36:04.834,0.95104,0.95155,1.50,1.88
2012.04.12 21:36:21.592,0.95104,0.95145,1.13,1.13
2012.04.12 21:36:21.653,0.95094,0.95143,1.13,1.13
2012.04.12 21:36:21.771,0.95089,0.95138,1.13,1.13
2012.04.12 21:36:30.300,0.95088,0.95144,1.13,1.13
2012.04.12 21:36:31.752,0.95088,0.95138,1.13,1.13
2012.04.12 21:36:33.431,0.95088,0.95144,1.13,1.13
2012.04.12 21:36:35.033,0.95088,0.95139,1.13,1.13
2012.04.12 21:36:36.227,0.95087,0.95137,1.13,1.13
2012.04.12 21:36:51.592,0.95093,0.95142,1.13,1.13
2012.04.12 21:36:51.653,0.95097,0.95147,1.13,1.13
2012.04.12 21:37:18.669,0.95097,0.95147,1.13,1.88
2012.04.12 21:37:20.113,0.95093,0.95142,1.13,1.13
2012.04.12 21:37:35.903,0.95093,0.95142,1.13,1.88
2012.04.12 21:37:36.594,0.9509,0.95138,1.13,1.88
2012.04.12 21:37:36.651,0.95088,0.95138,1.13,1.88
2012.04.12 21:37:44.263,0.95088,0.95138,1.13,1.88
2012.04.12 21:37:47.203,0.95088,0.95138,1.50,1.88
2012.04.12 21:37:48.587,0.95092,0.95136,1.13,1.88
2012.04.12 21:38:16.446,0.95092,0.95136,1.13,1.88
2012.04.12 21:38:16.512,0.95092,0.95136,1.50,1.88
2012.04.12 21:38:17.435,0.95094,0.95136,1.13,1.13
2012.04.12 21:38:17.752,0.95098,0.95142,1.50,1.88
2012.04.12 21:38:25.654,0.95098,0.95142,1.88,1.88
2012.04.12 21:38:25.711,0.95098,0.95142,1.88,1.13
2012.04.12 21:38:27.068,0.95103,0.95147,1.50,1.88
2012.04.12 21:38:32.152,0.95103,0.95147,1.50,1.88
2012.04.12 21:38:44.421,0.95103,0.95147,1.50,1.88
2012.04.12 21:39:09.421,0.95103,0.95147,1.50,1.88
2012.04.12 21:39:31.842,0.95108,0.95152,1.13,1.88
2012.04.12 21:39:32.044,0.95108,0.95152,1.13,1.88
2012.04.12 21:39:40.373,0.95104,0.95147,1.13,1.88
2012.04.12 21:39:41.361,0.951,0.95142,1.13,1.13
2012.04.12 21:39:44.211,0.951,0.95142,1.13,1.88
2012.04.12 21:39:46.152,0.95102,0.95142,1.13,1.88
2012.04.12 21:39:47.227,0.95105,0.95147,1.13,1.88
2012.04.12 21:39:55.617,0.9511,0.95152,1.13,1.88
2012.04.12 21:39:55.912,0.95106,0.95147,1.13,1.88
2012.04.12 21:40:38.444,0.95103,0.9514,1.13,1.88
2012.04.12 21:40:38.502,0.95099,0.9514,1.13,1.88
2012.04.12 21:40:40.184,0.95102,0.95143,1.13,1.88
2012.04.12 21:40:42.103,0.95098,0.95141,1.13,1.88
2012.04.12 21:40:42.244,0.95098,0.95141,1.13,1.88
2012.04.12 21:40:42.551,0.95093,0.95137,1.50,1.88
2012.04.12 21:41:02.310,0.95093,0.95137,1.13,1.88
2012.04.12 21:41:42.710,0.95088,0.95153,1.13,2.93
2012.04.12 21:42:02.510,0.95087,0.95153,2.55,2.18
2012.04.12 21:42:34.080,0.95078,0.95152,2.93,2.18
2012.04.12 21:42:38.821,0.95078,0.95152,2.93,2.18
2012.04.12 21:42:39.162,0.95095,0.95137,1.13,1.13
2012.04.12 21:42:56.533,0.95088,0.95132,1.13,1.13
2012.04.12 21:43:02.953,0.95088,0.95129,1.13,1.13
2012.04.12 21:43:03.014,0.95083,0.95127,1.50,1.13
2012.04.12 21:43:45.484,0.95083,0.95127,2.25,1.13
2012.04.12 21:43:57.201,0.95083,0.95127,2.25,1.13
2012.04.12 21:43:57.381,0.9509,0.95132,1.88,1.13
2012.04.12 21:43:58.177,0.9509,0.95132,1.13,1.88
2012.04.12 21:44:22.441,0.95084,0.95128,1.88,1.88
2012.04.12 21:44:48.177,0.95084,0.95128,1.13,1.88
2012.04.12 21:45:00.283,0.95082,0.95122,2.25,1.13
2012.04.12 21:45:00.794,0.9508,0.95122,1.88,1.13
2012.04.12 21:45:00.853,0.95077,0.95119,4.05,1.88
2012.04.12 21:45:03.045,0.95074,0.95119,1.88,1.13
2012.04.12 21:45:03.574,0.95074,0.95119,1.88,1.13
2012.04.12 21:45:03.974,0.95078,0.95119,2.18,1.13
2012.04.12 21:45:04.095,0.95078,0.95125,3.30,1.13
2012.04.12 21:45:07.482,0.95078,0.9512,1.13,1.13
2012.04.12 21:45:07.805,0.95075,0.95118,1.88,1.13
2012.04.12 21:45:26.864,0.95075,0.95118,1.13,1.13
2012.04.12 21:45:33.705,0.95073,0.95115,1.13,1.13
2012.04.12 21:45:33.763,0.95071,0.95115,1.13,1.13
2012.04.12 21:46:02.033,0.95071,0.95115,1.88,1.13
2012.04.12 21:46:02.694,0.95071,0.95115,1.13,1.13
2012.04.12 21:46:14.327,0.95071,0.95115,1.88,1.13
2012.04.12 21:46:34.888,0.9506,0.95128,1.13,1.13
2012.04.12 21:46:44.185,0.9506,0.95128,1.13,1.13
2012.04.12 21:47:23.669,0.9506,0.95122,1.13,2.18
2012.04.12 21:47:37.296,0.9506,0.95128,1.13,1.13
2012.04.12 21:47:45.016,0.95058,0.95132,2.55,2.55
2012.04.12 21:48:47.290,0.95071,0.95123,1.13,1.13
2012.04.12 21:48:48.316,0.95073,0.95121,1.13,1.13
2012.04.12 21:49:47.412,0.95065,0.95132,1.13,2.93
2012.04.12 21:50:10.305,0.95058,0.95132,2.93,2.18
2012.04.12 21:50:12.223,0.95065,0.95132,1.13,2.93
2012.04.12 21:50:36.720,0.95065,0.95132,1.13,2.93
2012.04.12 21:51:36.867,0.95058,0.95132,2.93,2.18
2012.04.12 21:51:38.941,0.95058,0.95132,2.93,2.18
2012.04.12 21:51:40.488,0.9507,0.95133,1.13,2.93
2012.04.12 21:52:03.365,0.95071,0.95133,1.13,2.93
2012.04.12 21:52:03.706,0.95078,0.95126,1.13,1.13
2012.04.12 21:52:09.804,0.95082,0.95126,1.13,1.13
2012.04.12 21:52:09.873,0.95084,0.95129,1.13,1.88
2012.04.12 21:52:14.534,0.95084,0.95129,1.13,1.88
2012.04.12 21:52:18.002,0.95084,0.95129,1.13,1.88
2012.04.12 21:52:18.738,0.95078,0.95124,1.13,1.13
2012.04.12 21:52:30.885,0.95078,0.95124,1.88,1.13
2012.04.12 21:52:31.185,0.95095,0.95138,1.13,1.88
2012.04.12 21:52:50.728,0.95095,0.9514,1.13,1.88
2012.04.12 21:52:51.168,0.95095,0.9514,1.13,1.88
2012.04.12 21:53:01.733,0.95095,0.9514,1.13,1.88
2012.04.12 21:53:02.015,0.95099,0.95143,1.13,1.88
2012.04.12 21:53:07.256,0.95099,0.95145,1.13,1.88
2012.04.12 21:53:10.696,0.95099,0.95141,1.13,1.88
2012.04.12 21:53:10.755,0.95096,0.9514,1.13,1.88
2012.04.12 21:53:11.380,0.95095,0.95136,1.13,1.88
2012.04.12 21:53:11.448,0.95092,0.95136,1.13,1.13
2012.04.12 21:53:28.517,0.95092,0.95136,1.13,1.88
2012.04.12 21:53:31.384,0.95092,0.95136,1.13,1.88
2012.04.12 21:53:31.573,0.9509,0.95132,1.13,1.88
2012.04.12 21:53:31.636,0.95083,0.95128,1.13,1.13
2012.04.12 21:53:31.882,0.95081,0.95128,1.13,1.13
2012.04.12 21:53:33.215,0.95081,0.95128,2.25,1.13
2012.04.12 21:53:33.335,0.95089,0.9513,1.13,1.13
2012.04.12 21:53:33.394,0.95089,0.95135,1.13,1.88
2012.04.12 21:54:10.875,0.95089,0.95128,1.13,1.13
2012.04.12 21:54:10.934,0.95083,0.95125,1.13,1.13
2012.04.12 21:54:24.716,0.95087,0.95125,1.13,1.13
2012.04.12 21:54:24.774,0.95089,0.95131,1.13,1.13
2012.04.12 21:54:28.423,0.95094,0.95138,1.13,1.88
2012.04.12 21:54:33.504,0.95094,0.95138,1.13,1.13
2012.04.12 21:55:29.109,0.95078,0.95152,2.93,2.93
2012.04.12 21:55:43.763,0.95093,0.95143,1.13,2.93
2012.04.12 21:55:44.105,0.95095,0.95144,1.13,1.88
2012.04.12 21:55:48.143,0.95092,0.95144,1.13,1.88
2012.04.12 21:55:48.202,0.95094,0.95144,1.13,1.88
2012.04.12 21:55:51.263,0.95089,0.95144,1.13,1.88
2012.04.12 21:55:53.433,0.95095,0.95142,1.13,2.93
2012.04.12 21:55:59.861,0.951,0.95148,1.13,1.88
2012.04.12 21:56:04.136,0.95097,0.95146,1.13,1.88
2012.04.12 21:56:04.203,0.95091,0.95146,1.13,1.88
2012.04.12 21:56:07.222,0.95097,0.95147,1.13,3.00
2012.04.12 21:56:15.282,0.95096,0.95141,1.13,1.88
2012.04.12 21:56:38.253,0.95096,0.95141,1.13,1.13
2012.04.12 21:56:38.714,0.95096,0.95141,1.13,1.88
2012.04.12 21:57:15.251,0.95084,0.95153,1.13,2.93
2012.04.12 21:57:39.372,0.95077,0.95153,2.93,2.18
2012.04.12 21:57:58.053,0.95084,0.95153,1.13,2.93
2012.04.12 21:58:13.462,0.95085,0.95153,1.13,2.18
2012.04.12 21:58:13.582,0.95107,0.95149,1.13,1.13
2012.04.12 21:58:13.974,0.95111,0.95153,1.13,2.18
2012.04.12 21:58:14.490,0.95111,0.95155,1.13,1.88
2012.04.12 21:58:19.735,0.95111,0.95155,1.13,1.88
2012.04.12 21:58:23.828,0.9511,0.9515,1.13,1.88
2012.04.12 21:58:23.953,0.95102,0.95144,1.13,1.88
2012.04.12 21:58:26.505,0.95102,0.95144,1.13,1.88
2012.04.12 21:58:30.870,0.95102,0.95142,1.13,1.88
2012.04.12 21:58:30.928,0.95096,0.9514,1.13,1.88
2012.04.12 21:58:33.575,0.95096,0.9514,1.13,1.88
2012.04.12 21:58:39.452,0.95096,0.9514,1.13,1.13
2012.04.12 21:59:23.686,0.95102,0.95143,1.13,0.75
2012.04.12 21:59:25.257,0.95102,0.95141,1.13,1.13
2012.04.12 21:59:25.327,0.95097,0.95139,1.13,1.13
