2016.07.22 18:00:09.838,0.73665,0.73692,1.75,2.62
2016.07.22 18:00:11.137,0.73671,0.73693,1.12,2.62
2016.07.22 18:00:11.238,0.73671,0.73696,3.37,1.75
2016.07.22 18:00:12.651,0.73671,0.73695,3.37,1.50
2016.07.22 18:00:17.171,0.73671,0.73696,3.37,1.35
2016.07.22 18:00:17.231,0.73671,0.73697,3.37,1.75
2016.07.22 18:00:17.282,0.73675,0.73697,1.37,1.75
2016.07.22 18:00:17.332,0.73677,0.73697,1.12,1.75
2016.07.22 18:00:17.441,0.73677,0.73697,1.37,1.37
2016.07.22 18:00:17.491,0.73682,0.73704,1.12,3.37
2016.07.22 18:00:17.542,0.73682,0.73705,1.75,1.75
2016.07.22 18:00:17.694,0.7368,0.73705,1.75,1.75
2016.07.22 18:00:17.745,0.73677,0.73705,2.62,3.37
2016.07.22 18:00:17.847,0.73678,0.73698,1.00,1.00
2016.07.22 18:00:19.253,0.73674,0.73699,1.75,2.62
2016.07.22 18:00:19.804,0.73673,0.73699,1.75,2.62
2016.07.22 18:00:20.192,0.73671,0.73699,3.37,2.62
2016.07.22 18:00:21.361,0.73671,0.73699,3.37,2.62
2016.07.22 18:00:22.048,0.73671,0.73698,3.37,1.35
2016.07.22 18:00:22.149,0.73673,0.73699,2.62,1.35
2016.07.22 18:00:22.449,0.73671,0.73699,3.37,2.62
2016.07.22 18:00:24.065,0.73671,0.73699,3.37,2.62
2016.07.22 18:00:24.365,0.73671,0.73699,3.37,2.62
2016.07.22 18:00:25.267,0.73675,0.73699,1.75,2.62
2016.07.22 18:00:25.467,0.73671,0.73699,3.37,2.62
2016.07.22 18:00:27.683,0.73675,0.73699,1.75,2.62
2016.07.22 18:00:28.170,0.73671,0.73699,3.37,2.62
2016.07.22 18:00:28.271,0.73671,0.73699,2.62,2.62
2016.07.22 18:00:28.321,0.73671,0.73699,2.62,3.97
2016.07.22 18:00:28.372,0.73671,0.73696,2.62,1.75
2016.07.22 18:00:30.166,0.73671,0.73696,3.37,1.75
2016.07.22 18:00:30.472,0.73671,0.73699,3.37,3.22
2016.07.22 18:00:30.523,0.73671,0.73699,2.62,3.22
2016.07.22 18:00:41.583,0.73671,0.73699,2.62,3.22
2016.07.22 18:00:41.883,0.73671,0.73699,2.62,3.22
2016.07.22 18:00:45.731,0.73671,0.73694,2.62,1.67
2016.07.22 18:00:45.934,0.73668,0.73695,2.62,2.10
2016.07.22 18:00:45.985,0.73667,0.73694,2.62,2.62
2016.07.22 18:00:46.035,0.73669,0.73689,1.00,1.00
2016.07.22 18:00:46.136,0.7367,0.73689,1.00,1.00
2016.07.22 18:00:50.226,0.73669,0.73689,1.50,1.00
2016.07.22 18:00:50.424,0.7367,0.73689,1.00,1.00
2016.07.22 18:00:50.987,0.7367,0.73694,1.37,2.62
2016.07.22 18:00:51.038,0.7367,0.73695,1.75,3.22
2016.07.22 18:00:51.240,0.73667,0.73695,2.62,3.97
2016.07.22 18:00:51.290,0.73666,0.73694,2.62,2.62
2016.07.22 18:00:51.341,0.73665,0.73694,1.75,2.62
2016.07.22 18:00:51.447,0.73665,0.73692,1.75,1.35
2016.07.22 18:00:51.498,0.73668,0.73692,1.00,3.22
2016.07.22 18:00:51.549,0.73665,0.73692,1.75,3.22
2016.07.22 18:00:51.600,0.73664,0.73692,3.37,3.22
2016.07.22 18:00:51.732,0.73665,0.73692,1.75,3.22
2016.07.22 18:00:53.300,0.73664,0.7369,2.62,1.75
2016.07.22 18:00:53.435,0.73664,0.73692,3.37,3.22
2016.07.22 18:00:55.040,0.73665,0.73692,3.37,1.35
2016.07.22 18:00:59.710,0.73665,0.73692,2.62,1.35
2016.07.22 18:00:59.900,0.73664,0.73692,5.25,3.22
2016.07.22 18:01:00.001,0.73664,0.73692,3.37,3.22
2016.07.22 18:01:01.214,0.73664,0.73691,2.62,1.75
2016.07.22 18:01:02.215,0.73665,0.73692,1.75,3.22
2016.07.22 18:01:03.016,0.73664,0.73691,2.62,1.75
2016.07.22 18:01:03.290,0.73664,0.73691,2.62,3.37
2016.07.22 18:01:03.340,0.73663,0.73688,1.75,1.35
2016.07.22 18:01:03.501,0.73662,0.73688,2.62,1.35
2016.07.22 18:01:07.923,0.73665,0.73688,1.50,1.35
2016.07.22 18:01:08.075,0.73665,0.7369,1.50,2.62
2016.07.22 18:01:08.175,0.73665,0.7369,1.75,2.62
2016.07.22 18:01:08.226,0.73665,0.73691,1.75,3.22
2016.07.22 18:01:09.427,0.73663,0.7369,3.37,1.75
2016.07.22 18:01:09.956,0.73665,0.73691,1.75,3.22
2016.07.22 18:01:10.234,0.73663,0.7369,3.37,1.75
2016.07.22 18:01:10.285,0.73663,0.7369,2.62,1.75
2016.07.22 18:01:11.589,0.73663,0.73687,2.62,1.67
2016.07.22 18:01:11.640,0.73664,0.73687,1.75,1.67
2016.07.22 18:01:11.771,0.73663,0.73687,3.37,1.67
2016.07.22 18:01:12.132,0.73665,0.73687,1.75,1.67
2016.07.22 18:01:12.182,0.73665,0.73683,1.37,1.30
2016.07.22 18:01:12.236,0.73661,0.73685,1.75,1.35
2016.07.22 18:01:12.370,0.7366,0.73685,1.75,3.22
2016.07.22 18:01:12.423,0.7366,0.73679,1.00,1.00
2016.07.22 18:01:12.533,0.73659,0.73679,1.00,1.00
2016.07.22 18:01:13.981,0.7366,0.73679,1.00,1.00
2016.07.22 18:01:23.560,0.7366,0.73682,1.50,1.67
2016.07.22 18:01:23.611,0.7366,0.73685,1.50,2.62
2016.07.22 18:01:23.662,0.73661,0.73685,1.37,2.62
2016.07.22 18:01:23.763,0.73661,0.73687,1.75,3.22
2016.07.22 18:01:23.864,0.73663,0.73687,3.37,1.67
2016.07.22 18:01:31.909,0.73663,0.73686,3.37,2.47
2016.07.22 18:01:31.959,0.73663,0.73686,2.62,2.47
2016.07.22 18:01:32.111,0.73661,0.73685,2.62,1.35
2016.07.22 18:01:32.161,0.73661,0.73682,2.62,2.10
2016.07.22 18:01:32.228,0.73661,0.73685,2.62,3.60
2016.07.22 18:01:32.279,0.7366,0.73684,2.62,2.85
2016.07.22 18:01:32.329,0.73656,0.73681,2.62,1.35
2016.07.22 18:01:35.610,0.73657,0.73681,1.75,1.35
2016.07.22 18:01:40.469,0.73656,0.73681,3.37,1.35
2016.07.22 18:01:40.865,0.73656,0.73681,1.75,1.35
2016.07.22 18:01:43.000,0.73655,0.73681,1.75,1.35
2016.07.22 18:01:43.142,0.73655,0.73682,1.75,2.62
2016.07.22 18:01:43.192,0.73656,0.73683,1.75,3.22
2016.07.22 18:01:43.243,0.73656,0.73682,1.75,1.35
2016.07.22 18:01:43.394,0.73656,0.73682,1.75,1.35
2016.07.22 18:01:43.445,0.73656,0.7368,1.75,1.67
2016.07.22 18:01:43.495,0.73656,0.7368,1.75,1.35
2016.07.22 18:01:44.229,0.73656,0.73681,1.75,2.62
2016.07.22 18:01:44.330,0.73655,0.73681,2.25,2.62
2016.07.22 18:01:44.620,0.73656,0.73681,1.75,2.62
2016.07.22 18:01:45.000,0.73657,0.73681,1.50,2.62
2016.07.22 18:01:49.509,0.73657,0.73679,1.50,1.00
2016.07.22 18:01:49.614,0.73657,0.73683,1.75,1.35
2016.07.22 18:01:50.120,0.73657,0.73684,1.75,2.62
2016.07.22 18:01:50.314,0.7366,0.73684,1.50,2.62
2016.07.22 18:01:51.322,0.73657,0.73684,1.75,2.62
2016.07.22 18:01:51.372,0.73656,0.73684,3.37,2.62
2016.07.22 18:01:51.847,0.73656,0.73683,3.37,1.35
2016.07.22 18:01:51.898,0.73656,0.73682,1.75,2.62
2016.07.22 18:01:52.495,0.73655,0.73682,1.75,2.62
2016.07.22 18:02:07.503,0.73655,0.73683,1.75,3.22
2016.07.22 18:02:07.604,0.73655,0.73683,1.75,1.35
2016.07.22 18:02:11.604,0.7366,0.73684,1.00,2.62
2016.07.22 18:02:11.712,0.7366,0.73685,1.37,2.62
2016.07.22 18:02:11.763,0.73662,0.73682,1.00,1.00
2016.07.22 18:02:29.770,0.73662,0.73685,1.00,3.37
2016.07.22 18:02:29.820,0.73658,0.73685,3.37,3.37
2016.07.22 18:02:32.428,0.7366,0.73685,1.75,2.62
2016.07.22 18:02:33.183,0.7366,0.73686,1.75,3.22
2016.07.22 18:02:33.234,0.7366,0.73686,1.75,1.35
2016.07.22 18:02:36.940,0.7366,0.73687,1.75,2.62
2016.07.22 18:02:37.091,0.7366,0.73688,4.12,2.62
2016.07.22 18:02:37.142,0.73665,0.73685,1.00,1.00
2016.07.22 18:02:37.739,0.73665,0.73685,1.50,1.00
2016.07.22 18:02:37.842,0.73665,0.73685,1.00,1.00
2016.07.22 18:02:40.336,0.73665,0.73685,1.00,1.00
2016.07.22 18:02:40.536,0.73665,0.73685,1.00,1.00
2016.07.22 18:02:43.307,0.7366,0.73687,3.37,2.62
2016.07.22 18:02:43.358,0.7366,0.73687,1.75,2.62
2016.07.22 18:02:43.640,0.73659,0.73685,1.75,1.75
2016.07.22 18:02:43.691,0.73659,0.73684,1.75,2.62
2016.07.22 18:02:43.742,0.73657,0.73684,1.75,2.62
2016.07.22 18:02:43.956,0.7366,0.73684,1.12,2.62
2016.07.22 18:02:44.006,0.7366,0.73686,1.37,4.50
2016.07.22 18:02:44.057,0.7366,0.73686,1.75,2.62
2016.07.22 18:02:45.428,0.7366,0.73686,2.25,2.62
2016.07.22 18:02:45.479,0.7366,0.73686,1.75,2.62
2016.07.22 18:02:45.529,0.73659,0.73686,2.25,2.62
2016.07.22 18:02:45.630,0.73659,0.73686,1.75,2.62
2016.07.22 18:02:45.681,0.73658,0.73685,2.62,1.75
2016.07.22 18:02:46.460,0.7366,0.73686,1.75,3.22
2016.07.22 18:02:46.561,0.73658,0.73685,2.62,1.75
2016.07.22 18:02:46.692,0.73659,0.73686,1.75,3.22
2016.07.22 18:02:49.669,0.73658,0.73685,2.62,1.75
2016.07.22 18:02:54.269,0.7366,0.73686,1.75,3.22
2016.07.22 18:02:56.346,0.7366,0.73685,1.75,1.35
2016.07.22 18:02:56.396,0.73658,0.73685,3.37,2.10
2016.07.22 18:02:56.753,0.73658,0.73685,3.37,1.35
2016.07.22 18:02:57.273,0.73658,0.73685,3.37,2.10
2016.07.22 18:02:57.516,0.73662,0.73688,1.75,3.22
2016.07.22 18:02:57.566,0.73662,0.73688,2.10,2.62
2016.07.22 18:02:57.617,0.73664,0.7369,2.62,1.75
2016.07.22 18:02:57.667,0.73664,0.73691,2.62,2.10
2016.07.22 18:02:57.768,0.73664,0.73689,2.62,1.35
2016.07.22 18:02:57.869,0.73664,0.73691,2.62,2.10
2016.07.22 18:02:57.989,0.73666,0.73691,2.62,2.10
2016.07.22 18:02:59.048,0.73666,0.7369,2.62,1.67
2016.07.22 18:02:59.199,0.73668,0.73688,1.00,1.00
2016.07.22 18:02:59.375,0.73668,0.73688,1.00,1.60
2016.07.22 18:03:06.129,0.73668,0.73688,1.00,1.35
2016.07.22 18:03:13.224,0.73661,0.73688,2.62,1.35
2016.07.22 18:03:14.488,0.73661,0.73688,2.62,1.35
2016.07.22 18:03:17.180,0.73665,0.73689,1.75,2.62
2016.07.22 18:03:17.231,0.73668,0.73688,1.00,1.00
2016.07.22 18:03:26.560,0.73666,0.73694,2.62,3.22
2016.07.22 18:03:30.101,0.73666,0.73694,3.37,3.22
2016.07.22 18:03:30.203,0.73666,0.73694,2.62,3.22
2016.07.22 18:03:30.489,0.73666,0.73694,2.62,3.22
2016.07.22 18:03:30.989,0.73666,0.73694,2.62,3.22
2016.07.22 18:03:56.584,0.73666,0.73693,2.62,1.35
2016.07.22 18:03:56.914,0.73666,0.73691,2.62,1.37
2016.07.22 18:03:57.214,0.73666,0.73693,2.62,1.35
2016.07.22 18:03:57.514,0.73666,0.7369,2.62,1.12
2016.07.22 18:03:57.814,0.73666,0.73693,2.62,1.35
2016.07.22 18:04:03.119,0.73666,0.7369,2.62,1.12
2016.07.22 18:04:04.045,0.73666,0.73693,2.62,1.35
2016.07.22 18:04:04.120,0.73666,0.7369,2.62,1.12
2016.07.22 18:04:04.375,0.73666,0.7369,2.62,1.50
2016.07.22 18:04:04.501,0.73667,0.7369,2.62,1.12
2016.07.22 18:04:12.138,0.73668,0.7369,2.62,1.00
2016.07.22 18:04:12.188,0.73673,0.7369,1.00,1.00
2016.07.22 18:04:18.741,0.73668,0.7369,2.62,1.00
2016.07.22 18:04:18.792,0.73671,0.7369,1.00,1.00
2016.07.22 18:04:20.346,0.73668,0.73693,2.62,1.67
2016.07.22 18:04:20.461,0.73668,0.73693,2.62,1.30
2016.07.22 18:04:25.642,0.73668,0.7369,2.62,1.00
2016.07.22 18:04:25.850,0.73667,0.7369,2.62,1.12
2016.07.22 18:04:28.858,0.73667,0.73691,2.62,1.67
2016.07.22 18:04:41.152,0.73668,0.73691,2.62,1.35
2016.07.22 18:04:41.203,0.73668,0.73691,2.62,1.30
2016.07.22 18:04:45.366,0.73665,0.73691,4.12,2.10
2016.07.22 18:04:45.417,0.73665,0.73691,3.37,2.10
2016.07.22 18:04:45.468,0.73663,0.73691,2.62,3.97
2016.07.22 18:04:47.072,0.73663,0.7369,2.62,1.75
2016.07.22 18:04:48.967,0.73663,0.73691,2.62,3.97
2016.07.22 18:05:00.764,0.73663,0.7369,2.62,1.35
2016.07.22 18:05:01.172,0.73668,0.7369,1.00,1.35
2016.07.22 18:05:01.223,0.73664,0.7369,2.62,1.35
2016.07.22 18:05:04.778,0.73664,0.7369,2.62,2.85
2016.07.22 18:05:06.989,0.73663,0.7369,2.62,4.72
2016.07.22 18:05:07.621,0.73662,0.7369,2.62,4.72
2016.07.22 18:05:09.270,0.73662,0.7369,2.62,3.97
2016.07.22 18:05:09.805,0.73664,0.7369,2.62,2.10
2016.07.22 18:05:13.589,0.73665,0.7369,1.75,1.35
2016.07.22 18:05:17.392,0.73664,0.7369,2.62,1.35
2016.07.22 18:05:29.723,0.73668,0.7369,1.00,1.35
2016.07.22 18:05:29.784,0.73663,0.7369,2.62,1.35
2016.07.22 18:05:30.305,0.73665,0.7369,1.75,1.35
2016.07.22 18:05:30.496,0.73665,0.73691,1.75,2.62
2016.07.22 18:05:30.597,0.73665,0.73691,2.25,2.62
2016.07.22 18:05:30.648,0.7367,0.73691,1.00,2.62
2016.07.22 18:05:30.699,0.7367,0.73691,1.37,2.25
2016.07.22 18:05:30.749,0.7367,0.73696,1.75,3.22
2016.07.22 18:05:30.931,0.73671,0.73696,2.62,1.35
2016.07.22 18:05:30.981,0.73671,0.73698,2.62,1.35
2016.07.22 18:05:34.891,0.73671,0.73695,2.62,1.35
2016.07.22 18:05:35.043,0.73671,0.73691,1.00,1.00
2016.07.22 18:05:35.258,0.73669,0.73692,1.75,1.30
2016.07.22 18:05:35.388,0.73668,0.73696,2.62,3.97
2016.07.22 18:05:35.438,0.73675,0.73695,1.00,1.00
2016.07.22 18:05:52.278,0.73675,0.73702,1.75,2.62
2016.07.22 18:05:52.380,0.73675,0.73703,3.37,2.62
2016.07.22 18:05:52.430,0.73675,0.73703,2.62,2.62
2016.07.22 18:05:52.481,0.73678,0.73705,2.62,1.35
2016.07.22 18:05:52.532,0.73678,0.73705,2.62,2.10
2016.07.22 18:05:55.106,0.73678,0.73705,2.62,1.35
2016.07.22 18:05:55.333,0.73678,0.73705,2.62,2.10
2016.07.22 18:05:59.137,0.73678,0.737,2.62,1.00
2016.07.22 18:05:59.738,0.73678,0.73705,2.62,2.10
2016.07.22 18:06:02.426,0.73678,0.73701,2.62,1.30
2016.07.22 18:06:02.825,0.73678,0.73703,2.62,1.67
2016.07.22 18:06:04.895,0.73678,0.737,2.62,1.35
2016.07.22 18:06:05.270,0.73678,0.737,2.62,2.85
2016.07.22 18:06:05.321,0.73676,0.737,3.37,2.10
2016.07.22 18:06:05.372,0.73676,0.737,2.62,2.10
2016.07.22 18:06:05.422,0.73672,0.73698,2.62,1.35
2016.07.22 18:06:07.365,0.73672,0.73696,2.62,1.35
2016.07.22 18:06:17.960,0.73672,0.73695,2.62,1.50
2016.07.22 18:06:19.261,0.73672,0.73696,2.62,1.35
2016.07.22 18:06:21.167,0.73675,0.73695,1.00,1.00
2016.07.22 18:06:29.072,0.73675,0.7369,1.00,1.00
2016.07.22 18:06:32.573,0.73675,0.73691,1.00,1.00
2016.07.22 18:06:33.195,0.73675,0.7369,1.00,1.00
2016.07.22 18:06:41.146,0.73671,0.7369,2.62,1.00
2016.07.22 18:06:54.895,0.73671,0.73695,2.62,1.12
2016.07.22 18:06:55.196,0.73671,0.7369,2.62,1.00
2016.07.22 18:06:55.496,0.73671,0.73695,2.62,1.12
2016.07.22 18:06:56.097,0.73671,0.7369,2.62,1.00
2016.07.22 18:06:59.200,0.73671,0.73695,2.62,1.12
2016.07.22 18:06:59.526,0.73671,0.73695,3.37,1.12
2016.07.22 18:06:59.577,0.73675,0.73695,1.50,1.12
2016.07.22 18:06:59.628,0.73679,0.73695,1.00,1.00
2016.07.22 18:06:59.678,0.73679,0.73695,2.62,1.00
2016.07.22 18:06:59.729,0.73679,0.737,2.62,1.00
2016.07.22 18:06:59.780,0.73678,0.737,4.50,1.00
2016.07.22 18:06:59.903,0.73678,0.737,2.62,1.00
2016.07.22 18:07:00.139,0.73678,0.737,2.62,1.35
2016.07.22 18:07:12.018,0.73678,0.73701,2.62,1.72
2016.07.22 18:07:12.419,0.73678,0.737,2.62,1.35
2016.07.22 18:07:12.658,0.73678,0.73701,2.62,1.72
2016.07.22 18:07:15.022,0.73678,0.737,2.62,1.35
2016.07.22 18:07:19.426,0.73678,0.73701,2.62,1.72
2016.07.22 18:07:20.026,0.73678,0.737,2.62,1.35
2016.07.22 18:07:21.179,0.73683,0.737,1.00,1.35
2016.07.22 18:07:21.230,0.73678,0.737,2.62,1.35
2016.07.22 18:07:23.773,0.73678,0.73696,2.62,1.00
2016.07.22 18:07:27.071,0.73677,0.73695,2.62,1.00
2016.07.22 18:07:27.230,0.73679,0.73695,1.00,1.00
2016.07.22 18:07:27.382,0.73679,0.73699,1.00,1.00
2016.07.22 18:07:27.534,0.73683,0.737,1.00,1.00
2016.07.22 18:07:33.062,0.73683,0.73701,1.00,1.35
2016.07.22 18:07:41.774,0.73683,0.73701,1.00,1.00
2016.07.22 18:07:42.321,0.73683,0.737,1.00,1.00
2016.07.22 18:07:48.159,0.73683,0.73701,1.00,1.00
2016.07.22 18:07:49.711,0.73677,0.73701,2.62,1.00
2016.07.22 18:07:50.246,0.73678,0.73701,2.62,1.00
2016.07.22 18:07:56.176,0.73678,0.737,2.62,1.00
2016.07.22 18:07:56.618,0.7368,0.737,2.62,1.00
2016.07.22 18:07:56.669,0.73681,0.73705,3.37,1.12
2016.07.22 18:07:56.720,0.73683,0.73705,2.62,1.12
2016.07.22 18:07:56.771,0.73684,0.73705,2.62,1.00
2016.07.22 18:08:01.115,0.73684,0.737,2.62,1.00
2016.07.22 18:08:02.022,0.73682,0.737,2.62,1.00
2016.07.22 18:08:02.603,0.73682,0.737,4.50,1.00
2016.07.22 18:08:02.704,0.73683,0.737,2.62,1.00
2016.07.22 18:08:07.295,0.73683,0.737,3.37,1.00
2016.07.22 18:08:07.497,0.73683,0.73701,2.62,1.00
2016.07.22 18:08:08.678,0.73683,0.737,2.62,1.00
2016.07.22 18:08:11.741,0.73683,0.73701,2.62,1.00
2016.07.22 18:08:12.400,0.73683,0.737,2.62,1.00
2016.07.22 18:08:17.287,0.73683,0.73701,2.62,1.00
2016.07.22 18:08:19.320,0.73683,0.737,2.62,1.00
2016.07.22 18:08:20.225,0.73683,0.73706,2.62,1.00
2016.07.22 18:08:20.276,0.73685,0.73706,1.75,1.00
2016.07.22 18:08:20.428,0.73685,0.73705,3.37,1.00
2016.07.22 18:08:25.996,0.73685,0.73706,3.37,1.00
2016.07.22 18:08:34.702,0.73685,0.73705,3.37,1.00
2016.07.22 18:08:34.804,0.73687,0.73705,3.37,1.00
2016.07.22 18:08:34.854,0.73692,0.73705,1.00,1.00
2016.07.22 18:08:39.111,0.73692,0.73706,1.00,1.00
2016.07.22 18:08:41.958,0.73692,0.73705,1.00,1.00
2016.07.22 18:08:42.312,0.73689,0.73705,2.62,1.00
2016.07.22 18:08:42.363,0.73694,0.73705,1.00,1.00
2016.07.22 18:08:48.839,0.73694,0.73706,1.00,1.00
2016.07.22 18:08:50.822,0.73694,0.7371,1.00,1.00
2016.07.22 18:08:51.419,0.73694,0.73705,1.00,1.00
2016.07.22 18:08:53.522,0.73694,0.73711,1.00,1.00
2016.07.22 18:08:57.226,0.73694,0.7371,1.00,1.00
2016.07.22 18:08:57.730,0.7369,0.7371,2.62,1.00
2016.07.22 18:08:57.781,0.73692,0.7371,2.62,1.00
2016.07.22 18:08:57.983,0.737,0.7371,1.00,1.00
2016.07.22 18:08:58.134,0.73696,0.7371,2.62,1.00
2016.07.22 18:08:58.468,0.73693,0.7371,2.62,1.00
2016.07.22 18:08:58.569,0.73695,0.7371,1.00,1.00
2016.07.22 18:08:58.829,0.73695,0.73706,1.00,1.00
2016.07.22 18:08:59.734,0.73695,0.73705,1.00,1.00
2016.07.22 18:09:00.335,0.73695,0.7371,1.00,1.00
2016.07.22 18:09:00.751,0.73695,0.73705,1.00,1.00
2016.07.22 18:09:01.732,0.73695,0.7371,1.00,1.00
2016.07.22 18:09:01.958,0.73691,0.7371,2.62,1.00
2016.07.22 18:09:02.060,0.73695,0.7371,2.62,1.00
2016.07.22 18:09:02.566,0.73696,0.7371,2.62,1.00
2016.07.22 18:09:02.768,0.73696,0.73715,2.62,1.00
2016.07.22 18:09:08.754,0.73696,0.73716,2.62,1.00
2016.07.22 18:09:09.256,0.73696,0.73715,2.62,1.00
2016.07.22 18:09:09.705,0.73698,0.73715,2.62,1.00
2016.07.22 18:09:09.756,0.73698,0.7372,2.62,1.00
2016.07.22 18:09:10.956,0.73698,0.73721,2.62,1.12
2016.07.22 18:09:11.444,0.73698,0.7372,2.62,1.00
2016.07.22 18:09:12.346,0.73698,0.73725,2.62,1.75
2016.07.22 18:09:12.590,0.73698,0.7372,2.62,1.00
2016.07.22 18:09:13.978,0.73701,0.7372,1.75,1.00
2016.07.22 18:09:14.080,0.73701,0.73725,1.75,1.75
2016.07.22 18:09:14.131,0.73703,0.73725,1.75,1.75
2016.07.22 18:09:14.232,0.73706,0.73726,2.62,1.00
2016.07.22 18:09:14.542,0.73709,0.73725,1.00,1.00
2016.07.22 18:09:16.899,0.73709,0.73725,1.00,1.60
2016.07.22 18:09:22.483,0.73709,0.73725,1.00,1.00
2016.07.22 18:09:29.800,0.73704,0.73725,3.37,1.00
2016.07.22 18:09:29.850,0.73705,0.73725,2.62,1.00
2016.07.22 18:09:33.509,0.73705,0.73726,2.62,1.00
2016.07.22 18:09:34.032,0.73705,0.73725,2.62,1.00
2016.07.22 18:09:35.090,0.7371,0.7373,1.00,1.37
2016.07.22 18:09:35.141,0.73707,0.7373,2.62,1.12
2016.07.22 18:09:35.901,0.73707,0.73726,2.62,1.00
2016.07.22 18:09:38.074,0.73707,0.73725,2.62,1.00
2016.07.22 18:09:40.492,0.73707,0.73726,2.62,1.00
2016.07.22 18:09:41.104,0.73707,0.73725,2.62,1.00
2016.07.22 18:09:55.297,0.73707,0.7373,2.62,1.12
2016.07.22 18:09:56.834,0.73707,0.73726,2.62,1.00
2016.07.22 18:09:59.419,0.73707,0.7373,2.62,1.72
2016.07.22 18:10:01.167,0.73705,0.7373,2.62,1.72
2016.07.22 18:10:01.217,0.73709,0.73729,1.00,1.00
2016.07.22 18:10:04.524,0.73709,0.73729,1.00,1.00
2016.07.22 18:10:05.309,0.73709,0.73725,1.00,1.00
2016.07.22 18:10:11.323,0.73709,0.73729,1.00,1.00
2016.07.22 18:10:11.374,0.73707,0.73731,2.62,1.50
2016.07.22 18:10:11.509,0.73708,0.7373,2.62,1.12
2016.07.22 18:10:16.212,0.73708,0.73726,2.62,1.00
2016.07.22 18:10:18.254,0.73708,0.73731,2.62,1.50
2016.07.22 18:10:19.257,0.73708,0.7373,2.62,1.12
2016.07.22 18:10:29.626,0.73708,0.73725,2.62,1.00
2016.07.22 18:10:29.761,0.73707,0.7373,2.62,1.50
2016.07.22 18:10:30.027,0.73707,0.73725,2.62,1.00
2016.07.22 18:10:30.428,0.73708,0.7373,2.62,1.00
2016.07.22 18:10:37.035,0.73708,0.73731,2.62,1.12
2016.07.22 18:10:37.383,0.73708,0.7373,2.62,1.00
2016.07.22 18:10:37.484,0.73709,0.73731,1.75,1.12
2016.07.22 18:10:37.585,0.73709,0.73731,2.25,1.12
2016.07.22 18:10:37.806,0.73709,0.73731,1.75,1.12
2016.07.22 18:10:37.908,0.73709,0.73731,2.25,1.12
2016.07.22 18:10:38.937,0.73709,0.7373,2.25,1.00
2016.07.22 18:10:39.165,0.73708,0.7373,2.62,1.00
2016.07.22 18:10:39.739,0.73707,0.73726,2.62,1.00
2016.07.22 18:10:39.790,0.73706,0.73726,1.75,1.00
2016.07.22 18:10:39.840,0.73705,0.73725,3.37,1.00
2016.07.22 18:10:39.941,0.73705,0.73725,3.97,1.00
2016.07.22 18:10:39.992,0.73705,0.73725,3.22,1.00
2016.07.22 18:10:45.373,0.73705,0.7373,2.62,1.75
2016.07.22 18:10:49.850,0.73705,0.73726,2.62,1.00
2016.07.22 18:10:52.087,0.73705,0.73725,2.62,1.00
2016.07.22 18:10:53.853,0.73705,0.73726,2.62,1.00
2016.07.22 18:10:54.158,0.73705,0.73726,3.37,1.00
2016.07.22 18:10:54.355,0.73705,0.73725,2.62,1.00
2016.07.22 18:11:00.861,0.73705,0.7373,2.62,1.75
2016.07.22 18:11:01.137,0.73705,0.7373,2.62,1.50
2016.07.22 18:11:01.462,0.73705,0.73725,2.62,1.00
2016.07.22 18:11:03.969,0.73705,0.73725,3.37,1.00
2016.07.22 18:11:05.971,0.73703,0.73725,2.62,1.37
2016.07.22 18:11:06.081,0.73703,0.73725,2.62,1.72
2016.07.22 18:11:06.133,0.737,0.73725,3.37,2.10
2016.07.22 18:11:06.183,0.737,0.7372,3.37,1.00
2016.07.22 18:11:06.234,0.737,0.7372,4.12,1.00
2016.07.22 18:11:06.284,0.737,0.7372,3.37,1.00
2016.07.22 18:11:06.386,0.73701,0.7372,1.35,1.00
2016.07.22 18:11:06.487,0.73701,0.73725,2.10,1.50
2016.07.22 18:11:07.407,0.73701,0.7372,2.10,1.00
2016.07.22 18:11:09.745,0.73701,0.7372,3.97,1.00
2016.07.22 18:11:09.846,0.73702,0.7372,2.62,1.00
2016.07.22 18:11:10.385,0.73702,0.73725,3.37,1.12
2016.07.22 18:11:10.638,0.73702,0.73724,3.37,1.30
2016.07.22 18:11:10.688,0.73701,0.73724,3.37,1.67
2016.07.22 18:11:10.759,0.73701,0.73725,5.25,1.37
2016.07.22 18:11:10.891,0.73702,0.7372,2.62,1.00
2016.07.22 18:11:10.993,0.73702,0.7372,3.22,1.00
2016.07.22 18:11:11.094,0.73705,0.73725,1.75,1.12
2016.07.22 18:11:11.145,0.73705,0.73725,2.10,1.12
2016.07.22 18:11:11.196,0.73709,0.73725,1.00,1.00
2016.07.22 18:11:11.348,0.73707,0.73725,2.62,1.00
2016.07.22 18:11:11.500,0.7371,0.73731,2.62,1.00
2016.07.22 18:11:11.602,0.7371,0.73725,2.62,1.00
2016.07.22 18:11:11.692,0.7371,0.73731,2.62,1.00
2016.07.22 18:11:11.801,0.73712,0.7373,1.00,1.00
2016.07.22 18:11:12.978,0.73712,0.73725,1.00,1.00
2016.07.22 18:11:13.980,0.73712,0.7373,1.00,1.00
2016.07.22 18:11:14.031,0.73709,0.7373,2.62,1.00
2016.07.22 18:11:14.541,0.7371,0.7373,2.62,1.00
2016.07.22 18:11:15.088,0.7371,0.73725,2.62,1.00
2016.07.22 18:11:15.303,0.7371,0.73726,2.25,1.00
2016.07.22 18:11:15.404,0.73705,0.73725,2.62,1.00
2016.07.22 18:11:20.587,0.73705,0.7372,2.62,1.00
2016.07.22 18:11:21.087,0.73705,0.73725,2.62,1.00
2016.07.22 18:11:32.698,0.73705,0.7372,2.62,1.00
2016.07.22 18:11:33.098,0.73705,0.73725,2.62,1.00
2016.07.22 18:11:41.130,0.73708,0.73725,1.00,1.00
2016.07.22 18:11:47.511,0.73708,0.73726,1.00,1.00
2016.07.22 18:11:47.613,0.73703,0.73726,2.62,1.12
2016.07.22 18:11:47.664,0.73703,0.73726,2.62,1.50
2016.07.22 18:11:51.447,0.73703,0.73721,2.62,1.00
2016.07.22 18:11:55.725,0.73703,0.73725,2.62,1.12
2016.07.22 18:11:56.221,0.73703,0.7372,2.62,1.00
2016.07.22 18:11:57.976,0.737,0.7372,2.62,1.00
2016.07.22 18:12:02.747,0.737,0.73721,2.62,1.00
2016.07.22 18:12:02.884,0.73701,0.73725,1.75,1.75
2016.07.22 18:12:07.232,0.73701,0.73726,1.75,1.75
2016.07.22 18:12:09.232,0.73705,0.73726,1.00,1.37
2016.07.22 18:12:09.283,0.73702,0.73725,2.62,1.12
2016.07.22 18:12:09.384,0.73705,0.7373,1.50,3.37
2016.07.22 18:12:09.434,0.73706,0.7373,2.25,3.37
2016.07.22 18:12:09.485,0.73706,0.73734,4.12,2.62
2016.07.22 18:12:09.536,0.73708,0.73734,3.37,2.62
2016.07.22 18:12:09.586,0.73709,0.73736,2.62,1.75
2016.07.22 18:12:09.637,0.73709,0.73736,3.37,1.75
2016.07.22 18:12:09.738,0.73714,0.73736,1.00,1.50
2016.07.22 18:12:09.788,0.73711,0.73736,2.62,1.50
2016.07.22 18:12:11.778,0.73711,0.73735,2.62,1.37
2016.07.22 18:12:13.093,0.73713,0.73736,2.62,1.50
2016.07.22 18:12:15.941,0.73713,0.73735,2.62,1.12
2016.07.22 18:12:16.320,0.73713,0.73735,2.62,1.50
2016.07.22 18:12:16.371,0.73713,0.7373,2.62,1.00
2016.07.22 18:12:16.421,0.73711,0.7373,3.37,1.00
2016.07.22 18:12:16.472,0.73711,0.73735,3.37,1.50
2016.07.22 18:12:17.744,0.73711,0.7373,3.37,1.00
2016.07.22 18:12:17.844,0.73711,0.73735,3.37,1.50
2016.07.22 18:12:22.446,0.73711,0.73735,2.62,1.50
2016.07.22 18:12:22.497,0.73711,0.73736,2.62,1.75
2016.07.22 18:12:23.049,0.73711,0.73735,2.62,1.50
2016.07.22 18:12:26.592,0.73711,0.73735,4.50,1.37
2016.07.22 18:12:26.643,0.73717,0.73735,1.00,1.00
2016.07.22 18:12:26.953,0.73717,0.7373,1.00,1.00
2016.07.22 18:12:28.376,0.73717,0.73731,1.00,1.00
2016.07.22 18:12:28.901,0.73717,0.7373,1.00,1.00
2016.07.22 18:12:30.201,0.73715,0.7373,1.00,1.00
2016.07.22 18:12:31.679,0.73715,0.73731,1.00,1.00
2016.07.22 18:12:33.061,0.73715,0.7373,1.00,1.00
2016.07.22 18:12:36.564,0.73715,0.73731,1.00,1.00
2016.07.22 18:12:37.094,0.73715,0.7373,1.00,1.00
2016.07.22 18:12:38.017,0.7371,0.73725,2.62,1.00
2016.07.22 18:12:38.067,0.73705,0.73725,2.62,1.00
2016.07.22 18:12:38.219,0.73703,0.73726,3.37,1.00
2016.07.22 18:12:38.270,0.73703,0.73726,1.75,1.00
2016.07.22 18:12:38.773,0.73703,0.73725,1.75,1.00
2016.07.22 18:12:38.874,0.73703,0.73721,1.75,1.00
2016.07.22 18:12:39.084,0.73703,0.73725,1.75,1.00
2016.07.22 18:12:39.335,0.73702,0.73725,2.62,1.00
2016.07.22 18:12:39.870,0.73702,0.7372,2.62,1.00
2016.07.22 18:12:39.971,0.73702,0.73725,2.62,1.00
2016.07.22 18:12:46.077,0.73702,0.7372,2.62,1.00
2016.07.22 18:12:47.453,0.73701,0.7372,2.62,1.00
2016.07.22 18:12:49.182,0.73701,0.73721,2.62,1.00
2016.07.22 18:12:50.798,0.73701,0.7372,2.62,1.00
2016.07.22 18:12:51.085,0.73701,0.73725,2.62,1.50
2016.07.22 18:12:51.285,0.73701,0.7372,2.62,1.00
2016.07.22 18:12:53.771,0.73701,0.73725,2.62,1.50
2016.07.22 18:13:01.196,0.73701,0.73726,2.62,1.75
2016.07.22 18:13:01.296,0.73701,0.73725,2.62,1.50
2016.07.22 18:13:06.602,0.73701,0.73726,2.62,1.75
2016.07.22 18:13:07.644,0.73701,0.7372,2.62,1.00
2016.07.22 18:13:08.308,0.73701,0.73721,2.62,1.00
2016.07.22 18:13:08.910,0.73702,0.73721,2.62,1.00
2016.07.22 18:13:11.327,0.73702,0.7372,2.62,1.00
2016.07.22 18:13:12.688,0.73702,0.73721,2.62,1.00
2016.07.22 18:13:12.742,0.73702,0.73725,2.62,1.12
2016.07.22 18:13:15.013,0.73702,0.7372,2.62,1.00
2016.07.22 18:13:19.796,0.73704,0.7372,2.62,1.00
2016.07.22 18:13:19.847,0.73705,0.73726,1.35,1.00
2016.07.22 18:13:19.999,0.73706,0.73725,3.37,1.00
2016.07.22 18:13:20.098,0.73714,0.73725,1.00,1.00
2016.07.22 18:13:20.149,0.73714,0.7373,1.00,1.00
2016.07.22 18:13:21.086,0.73708,0.73731,2.62,1.12
2016.07.22 18:13:21.137,0.73707,0.73725,2.62,1.00
2016.07.22 18:13:21.238,0.73707,0.7373,2.62,1.12
2016.07.22 18:13:21.289,0.73707,0.7373,2.62,1.50
2016.07.22 18:13:21.340,0.73708,0.73727,1.00,1.00
2016.07.22 18:13:21.550,0.73708,0.73726,1.00,1.00
2016.07.22 18:13:21.935,0.73708,0.73727,1.00,1.00
2016.07.22 18:13:22.020,0.73708,0.73726,1.00,1.00
2016.07.22 18:13:22.753,0.73708,0.73725,1.00,1.00
2016.07.22 18:13:24.537,0.73708,0.73726,1.00,1.00
2016.07.22 18:13:30.231,0.73708,0.73725,1.00,1.00
2016.07.22 18:13:32.173,0.73708,0.7372,1.00,1.00
2016.07.22 18:13:33.457,0.73708,0.73725,1.00,1.00
2016.07.22 18:13:33.558,0.73701,0.73725,2.62,1.12
2016.07.22 18:13:33.755,0.73701,0.7372,2.62,1.00
2016.07.22 18:13:34.287,0.737,0.7372,2.62,1.00
2016.07.22 18:13:34.938,0.737,0.73715,2.62,1.00
2016.07.22 18:13:35.090,0.737,0.73715,1.00,1.00
2016.07.22 18:13:37.081,0.73695,0.73716,2.62,1.00
2016.07.22 18:13:37.132,0.73693,0.73716,2.62,1.12
2016.07.22 18:13:38.942,0.73693,0.73715,2.62,1.00
2016.07.22 18:13:42.246,0.73693,0.73716,2.62,1.12
2016.07.22 18:13:43.847,0.73693,0.73715,2.62,1.00
2016.07.22 18:13:46.653,0.73695,0.73715,2.62,1.00
2016.07.22 18:13:50.554,0.73695,0.73716,2.62,1.00
2016.07.22 18:13:51.176,0.73695,0.73715,2.62,1.00
2016.07.22 18:13:58.766,0.73697,0.73716,1.00,1.00
2016.07.22 18:13:59.280,0.73697,0.73715,1.00,1.00
2016.07.22 18:14:02.322,0.73697,0.73715,2.62,1.00
2016.07.22 18:14:02.666,0.73697,0.7372,2.62,1.12
2016.07.22 18:14:03.319,0.73697,0.7372,2.62,1.00
2016.07.22 18:14:03.623,0.73701,0.7372,2.62,1.00
2016.07.22 18:14:10.975,0.73701,0.73721,2.62,1.00
2016.07.22 18:14:12.679,0.73701,0.7372,2.62,1.00
2016.07.22 18:14:21.180,0.73706,0.7372,1.00,1.00
2016.07.22 18:14:21.230,0.73701,0.7372,2.62,1.00
2016.07.22 18:14:41.134,0.73702,0.7372,2.62,1.00
2016.07.22 18:14:46.619,0.73702,0.73721,2.62,1.00
2016.07.22 18:14:52.641,0.73702,0.7372,2.62,1.00
2016.07.22 18:14:56.673,0.73703,0.7372,2.62,1.00
2016.07.22 18:15:03.577,0.73703,0.73721,2.62,1.00
2016.07.22 18:15:04.129,0.73703,0.7372,2.62,1.00
2016.07.22 18:15:06.031,0.73703,0.73721,2.62,1.00
2016.07.22 18:15:06.362,0.73703,0.73715,2.62,1.00
2016.07.22 18:15:06.506,0.73703,0.73721,2.62,1.00
2016.07.22 18:15:08.066,0.73703,0.7372,2.62,1.00
2016.07.22 18:15:11.073,0.73703,0.73725,2.62,1.12
2016.07.22 18:15:11.175,0.73703,0.73725,4.50,1.12
2016.07.22 18:15:11.285,0.73708,0.73725,1.00,1.00
2016.07.22 18:15:11.343,0.73702,0.73725,2.62,1.12
2016.07.22 18:15:12.567,0.73702,0.7372,2.62,1.00
2016.07.22 18:15:18.786,0.73702,0.73725,2.62,1.12
2016.07.22 18:15:19.039,0.73708,0.73725,1.00,1.00
2016.07.22 18:15:19.140,0.73705,0.73725,2.62,1.00
2016.07.22 18:15:25.253,0.73705,0.73726,2.62,1.00
2016.07.22 18:15:25.769,0.73705,0.73725,2.62,1.00
2016.07.22 18:15:28.790,0.73705,0.73726,2.62,1.00
2016.07.22 18:15:30.858,0.73705,0.73725,2.62,1.00
2016.07.22 18:15:33.264,0.73705,0.73726,2.62,1.00
2016.07.22 18:15:35.154,0.73705,0.73726,3.37,1.00
2016.07.22 18:15:35.764,0.73705,0.73725,3.37,1.00
2016.07.22 18:15:38.028,0.7371,0.73725,1.00,1.00
2016.07.22 18:15:40.469,0.73707,0.73725,2.62,1.00
2016.07.22 18:15:57.425,0.73707,0.7373,2.62,1.12
2016.07.22 18:15:57.475,0.7371,0.7373,2.62,1.00
2016.07.22 18:15:57.645,0.7371,0.7373,3.22,1.00
2016.07.22 18:15:58.499,0.7371,0.73731,3.22,1.00
2016.07.22 18:15:58.744,0.7371,0.7373,2.62,1.00
2016.07.22 18:15:58.897,0.73708,0.7373,2.62,1.00
2016.07.22 18:16:00.926,0.73708,0.73725,2.62,1.00
2016.07.22 18:16:15.404,0.73708,0.73726,2.62,1.00
2016.07.22 18:16:17.106,0.73708,0.7373,2.62,1.00
2016.07.22 18:16:17.368,0.73713,0.7373,1.00,1.00
2016.07.22 18:16:17.520,0.73712,0.73735,1.35,1.12
2016.07.22 18:16:17.571,0.73711,0.73735,3.37,1.12
2016.07.22 18:16:17.673,0.73711,0.73735,2.62,1.12
2016.07.22 18:16:18.026,0.73711,0.73736,2.62,1.50
2016.07.22 18:16:18.158,0.73711,0.73735,2.62,1.12
2016.07.22 18:16:18.209,0.73717,0.73735,1.00,1.12
2016.07.22 18:16:18.259,0.73714,0.73735,2.62,1.00
2016.07.22 18:16:18.915,0.73709,0.7373,1.75,1.00
2016.07.22 18:16:18.966,0.73708,0.7373,2.62,1.00
2016.07.22 18:16:19.711,0.73708,0.73725,2.62,1.00
2016.07.22 18:16:19.812,0.73708,0.7373,2.62,1.00
2016.07.22 18:16:20.212,0.73708,0.73725,2.62,1.00
2016.07.22 18:16:26.119,0.73708,0.73726,2.62,1.00
2016.07.22 18:16:29.653,0.73708,0.73725,2.62,1.00
2016.07.22 18:16:29.768,0.73708,0.73731,2.62,1.12
2016.07.22 18:16:29.819,0.73708,0.73731,3.22,1.12
2016.07.22 18:16:29.920,0.73711,0.73731,2.62,1.12
2016.07.22 18:16:29.970,0.73712,0.73735,3.22,1.12
2016.07.22 18:16:30.021,0.73713,0.73735,2.62,1.12
2016.07.22 18:16:30.071,0.73714,0.73735,2.62,1.00
2016.07.22 18:16:30.725,0.73714,0.73736,2.62,1.00
2016.07.22 18:16:30.826,0.73714,0.73736,2.62,1.12
2016.07.22 18:16:30.877,0.73713,0.73736,2.62,1.50
2016.07.22 18:16:30.927,0.73713,0.73735,2.62,1.12
2016.07.22 18:16:31.237,0.73713,0.73736,2.62,1.50
2016.07.22 18:16:31.288,0.73713,0.73736,3.37,1.50
2016.07.22 18:16:31.339,0.73715,0.73736,2.62,1.12
2016.07.22 18:16:31.390,0.73715,0.73736,2.62,1.00
2016.07.22 18:16:31.977,0.73715,0.73736,3.37,1.00
2016.07.22 18:16:32.154,0.73716,0.73736,2.62,1.00
2016.07.22 18:16:32.838,0.73716,0.73735,2.62,1.00
2016.07.22 18:16:35.131,0.73716,0.7374,2.62,1.50
2016.07.22 18:16:42.459,0.73716,0.73735,2.62,1.00
2016.07.22 18:16:49.807,0.73717,0.73735,2.62,1.00
2016.07.22 18:16:52.848,0.73717,0.7374,2.62,1.12
2016.07.22 18:16:53.249,0.73717,0.73735,2.62,1.00
2016.07.22 18:16:53.751,0.73717,0.73736,2.62,1.00
2016.07.22 18:16:58.155,0.73717,0.73735,2.62,1.00
2016.07.22 18:17:11.570,0.73717,0.73736,2.62,1.00
2016.07.22 18:17:12.245,0.73717,0.73735,2.62,1.00
2016.07.22 18:17:12.587,0.73717,0.73731,2.62,1.00
2016.07.22 18:17:12.672,0.73717,0.73735,2.62,1.00
2016.07.22 18:17:14.712,0.73717,0.73736,2.62,1.00
2016.07.22 18:17:15.219,0.73717,0.73735,2.62,1.00
2016.07.22 18:17:18.380,0.73717,0.73731,2.62,1.00
2016.07.22 18:17:18.491,0.73717,0.73735,2.62,1.00
2016.07.22 18:17:19.788,0.73717,0.73736,2.62,1.00
2016.07.22 18:17:20.370,0.73717,0.73735,2.62,1.00
2016.07.22 18:17:21.148,0.73716,0.73735,4.50,1.00
2016.07.22 18:17:21.198,0.73716,0.73735,2.62,1.00
2016.07.22 18:17:21.795,0.73716,0.73736,2.62,1.00
2016.07.22 18:17:22.302,0.73716,0.73735,2.62,1.00
2016.07.22 18:17:22.915,0.73716,0.73741,2.62,1.75
2016.07.22 18:17:24.331,0.73716,0.7374,2.62,1.50
2016.07.22 18:17:24.386,0.73716,0.73741,2.62,1.75
2016.07.22 18:17:24.592,0.73716,0.73735,2.62,1.00
2016.07.22 18:17:25.757,0.73716,0.7374,2.62,1.50
2016.07.22 18:17:27.490,0.73716,0.73735,2.62,1.00
2016.07.22 18:17:30.593,0.73716,0.7374,2.62,1.50
2016.07.22 18:17:38.802,0.73716,0.73741,2.62,1.75
2016.07.22 18:17:41.176,0.73716,0.73739,2.62,1.00
2016.07.22 18:17:41.237,0.73715,0.73741,2.62,1.75
2016.07.22 18:17:47.710,0.73715,0.7374,2.62,1.75
2016.07.22 18:17:53.155,0.73715,0.73741,2.62,1.75
2016.07.22 18:17:53.675,0.73715,0.7374,2.62,1.75
2016.07.22 18:17:59.294,0.73715,0.7374,3.37,1.75
2016.07.22 18:18:04.225,0.73715,0.73735,3.37,1.00
2016.07.22 18:18:04.276,0.73715,0.73735,2.62,1.00
2016.07.22 18:18:04.377,0.73713,0.73735,3.37,1.00
2016.07.22 18:18:04.478,0.73711,0.73735,2.62,1.50
2016.07.22 18:18:05.849,0.73712,0.73739,1.75,2.62
2016.07.22 18:18:05.950,0.73713,0.73739,3.37,2.62
2016.07.22 18:18:06.000,0.73714,0.7374,2.62,1.75
2016.07.22 18:18:06.052,0.73715,0.7374,1.75,1.75
2016.07.22 18:18:08.376,0.73717,0.7374,2.62,1.12
2016.07.22 18:18:08.577,0.73717,0.73741,2.62,1.50
2016.07.22 18:18:08.678,0.73722,0.73741,1.00,1.37
2016.07.22 18:18:08.728,0.73719,0.73741,2.62,1.00
2016.07.22 18:18:08.779,0.73719,0.73744,2.62,2.85
2016.07.22 18:18:08.830,0.73719,0.73745,2.62,2.10
2016.07.22 18:18:14.336,0.73719,0.7374,2.62,1.00
2016.07.22 18:18:14.627,0.73719,0.73745,2.62,2.10
2016.07.22 18:18:17.440,0.73719,0.73745,2.62,1.35
2016.07.22 18:18:18.307,0.73722,0.73746,1.67,1.75
2016.07.22 18:18:18.468,0.73722,0.73745,1.35,1.50
2016.07.22 18:18:18.676,0.73722,0.73746,1.35,1.75
2016.07.22 18:18:19.306,0.73721,0.73744,2.62,2.47
2016.07.22 18:18:19.357,0.73721,0.73744,2.62,2.47
2016.07.22 18:18:22.304,0.73721,0.73745,3.22,1.50
2016.07.22 18:18:22.354,0.73726,0.73745,1.00,1.37
2016.07.22 18:18:22.405,0.73723,0.73745,2.62,1.00
2016.07.22 18:18:22.515,0.73725,0.73745,2.62,1.00
2016.07.22 18:18:29.954,0.73725,0.73746,2.62,1.00
2016.07.22 18:18:32.684,0.73725,0.7375,2.62,1.35
2016.07.22 18:18:33.258,0.73725,0.7375,2.62,2.10
2016.07.22 18:18:37.562,0.73725,0.7375,2.62,1.35
2016.07.22 18:18:38.690,0.73725,0.7375,2.62,2.10
2016.07.22 18:18:38.741,0.73724,0.73747,2.62,1.30
2016.07.22 18:18:38.865,0.7372,0.73746,3.37,1.50
2016.07.22 18:18:38.916,0.7372,0.73746,2.62,1.50
2016.07.22 18:18:39.277,0.7372,0.7375,3.37,3.97
2016.07.22 18:18:39.327,0.73723,0.7375,1.75,3.97
2016.07.22 18:18:39.428,0.73724,0.7375,1.75,2.10
2016.07.22 18:18:39.529,0.73725,0.7375,2.62,2.10
2016.07.22 18:18:41.693,0.73725,0.7375,2.62,1.75
2016.07.22 18:19:17.900,0.73725,0.73746,2.62,1.00
2016.07.22 18:19:20.603,0.73725,0.7375,2.62,1.75
2016.07.22 18:19:29.417,0.73725,0.73745,2.62,1.00
2016.07.22 18:19:36.818,0.73725,0.7375,2.62,1.75
2016.07.22 18:19:38.923,0.73723,0.7375,2.25,3.37
2016.07.22 18:19:40.221,0.73723,0.73745,2.25,1.50
2016.07.22 18:19:40.293,0.73723,0.73745,4.12,1.37
2016.07.22 18:19:40.343,0.73728,0.73748,1.00,1.00
2016.07.22 18:19:41.263,0.73726,0.73751,2.62,1.50
2016.07.22 18:19:41.467,0.73727,0.73755,2.62,3.37
2016.07.22 18:19:41.568,0.73729,0.73755,2.62,3.97
2016.07.22 18:19:41.669,0.7373,0.73755,2.62,1.75
2016.07.22 18:19:41.720,0.7373,0.73755,2.62,2.10
2016.07.22 18:19:41.770,0.73733,0.73755,2.62,1.72
2016.07.22 18:19:41.871,0.73734,0.73755,2.62,1.37
2016.07.22 18:19:41.972,0.73731,0.73755,5.10,1.37
2016.07.22 18:19:42.023,0.73732,0.73755,1.75,1.37
2016.07.22 18:19:42.074,0.73734,0.73755,2.62,1.12
2016.07.22 18:19:42.215,0.73735,0.73755,2.62,1.00
2016.07.22 18:19:45.528,0.73735,0.73756,2.62,1.00
2016.07.22 18:19:47.029,0.73735,0.73755,2.62,1.00
2016.07.22 18:19:47.329,0.73735,0.73759,2.62,1.67
2016.07.22 18:19:50.849,0.73735,0.73755,2.62,1.00
2016.07.22 18:19:50.950,0.73735,0.73759,2.62,1.67
2016.07.22 18:19:51.034,0.73735,0.73755,2.62,1.00
2016.07.22 18:19:51.186,0.73733,0.73755,1.75,1.12
2016.07.22 18:19:51.236,0.73733,0.73756,1.75,1.50
2016.07.22 18:19:51.287,0.73732,0.73756,2.62,1.50
2016.07.22 18:19:51.418,0.73729,0.73755,2.62,1.75
2016.07.22 18:20:01.119,0.73734,0.73755,1.00,1.37
2016.07.22 18:20:01.170,0.73729,0.73755,2.62,1.12
2016.07.22 18:20:08.851,0.73729,0.73756,2.62,1.50
2016.07.22 18:20:16.060,0.73729,0.73755,2.62,1.12
2016.07.22 18:20:16.190,0.73731,0.73755,2.25,1.12
2016.07.22 18:20:16.343,0.73733,0.73755,2.62,1.00
2016.07.22 18:20:16.393,0.73733,0.73756,2.62,1.12
2016.07.22 18:20:16.444,0.73733,0.73756,2.62,1.50
2016.07.22 18:20:16.495,0.73733,0.73755,2.62,1.37
2016.07.22 18:20:16.545,0.73731,0.73755,2.62,1.37
2016.07.22 18:20:16.647,0.73732,0.73755,2.62,1.12
2016.07.22 18:20:17.593,0.73732,0.73755,2.62,1.50
2016.07.22 18:20:17.644,0.7373,0.73755,2.62,1.75
2016.07.22 18:20:18.518,0.7373,0.73753,2.62,1.30
2016.07.22 18:20:20.273,0.7373,0.73754,2.62,2.85
2016.07.22 18:20:20.374,0.7373,0.7375,2.62,1.00
2016.07.22 18:20:20.476,0.7373,0.7375,2.62,1.12
2016.07.22 18:20:20.527,0.73726,0.7375,3.22,1.50
2016.07.22 18:20:20.679,0.73726,0.73749,2.62,1.30
2016.07.22 18:20:20.780,0.73726,0.73749,2.62,1.30
2016.07.22 18:20:20.873,0.73726,0.7375,2.62,2.85
2016.07.22 18:20:21.466,0.73726,0.7375,2.62,3.60
2016.07.22 18:20:22.832,0.73726,0.73749,2.62,1.30
2016.07.22 18:20:22.883,0.73726,0.73745,2.62,1.00
2016.07.22 18:20:23.034,0.73724,0.73745,2.62,1.00
2016.07.22 18:20:24.694,0.73724,0.73746,2.62,1.00
2016.07.22 18:20:26.273,0.73724,0.73745,2.62,1.00
2016.07.22 18:20:26.467,0.73724,0.7375,2.62,1.75
2016.07.22 18:20:26.518,0.73724,0.7375,3.37,1.75
2016.07.22 18:20:26.670,0.73724,0.7375,2.62,1.75
2016.07.22 18:20:26.922,0.73722,0.7375,2.62,3.37
2016.07.22 18:20:27.096,0.73722,0.73746,2.62,1.50
2016.07.22 18:20:27.176,0.73722,0.73745,2.62,1.12
2016.07.22 18:20:28.241,0.73724,0.73745,2.62,1.00
2016.07.22 18:20:28.812,0.73725,0.7375,1.75,1.75
2016.07.22 18:20:29.196,0.73724,0.73745,2.62,1.00
2016.07.22 18:20:29.378,0.73723,0.73749,2.62,1.35
2016.07.22 18:20:36.632,0.73723,0.73748,2.62,1.35
2016.07.22 18:20:36.683,0.73725,0.73748,2.62,1.67
2016.07.22 18:20:36.784,0.73725,0.73748,2.62,1.30
2016.07.22 18:20:36.835,0.73725,0.7375,2.62,1.75
2016.07.22 18:20:41.129,0.73725,0.73746,2.62,1.00
2016.07.22 18:20:41.689,0.73725,0.73745,2.62,1.00
2016.07.22 18:20:41.800,0.73723,0.73745,2.62,1.00
2016.07.22 18:20:45.168,0.73725,0.73745,2.62,1.00
2016.07.22 18:20:45.694,0.73725,0.73746,2.62,1.00
2016.07.22 18:20:47.394,0.73725,0.73745,2.62,1.00
2016.07.22 18:20:49.762,0.73728,0.73745,1.00,1.00
2016.07.22 18:20:49.812,0.73723,0.73745,2.62,1.00
2016.07.22 18:20:50.598,0.73723,0.73748,2.62,1.35
2016.07.22 18:20:52.255,0.73723,0.73749,2.62,1.35
2016.07.22 18:20:56.004,0.73723,0.73745,2.62,1.00
2016.07.22 18:20:56.206,0.73723,0.73749,2.62,1.35
2016.07.22 18:20:56.404,0.73723,0.73745,2.62,1.00
2016.07.22 18:20:56.705,0.73723,0.73749,2.62,1.35
2016.07.22 18:20:56.755,0.73723,0.7375,2.62,1.75
2016.07.22 18:20:56.933,0.73725,0.73748,2.62,1.30
2016.07.22 18:20:57.306,0.73725,0.73745,2.62,1.00
2016.07.22 18:21:04.112,0.73725,0.73746,2.62,1.00
2016.07.22 18:21:04.734,0.73725,0.73745,2.62,1.00
2016.07.22 18:21:10.919,0.73725,0.73746,2.62,1.00
2016.07.22 18:21:15.223,0.73725,0.73745,2.62,1.00
2016.07.22 18:21:16.772,0.7373,0.73745,1.00,1.00
2016.07.22 18:21:16.823,0.73725,0.73745,2.62,1.00
2016.07.22 18:21:16.874,0.73725,0.7375,2.62,1.72
2016.07.22 18:21:19.672,0.73725,0.73746,2.62,1.00
2016.07.22 18:21:19.723,0.73729,0.73746,1.00,1.00
2016.07.22 18:21:20.379,0.73723,0.73745,2.62,1.00
2016.07.22 18:21:20.916,0.73722,0.73745,2.62,1.00
2016.07.22 18:21:22.931,0.73722,0.73746,2.62,1.12
2016.07.22 18:21:31.538,0.73722,0.73745,2.62,1.00
2016.07.22 18:21:36.730,0.73723,0.73745,2.62,1.00
2016.07.22 18:21:36.781,0.73728,0.73748,1.00,1.60
2016.07.22 18:21:36.882,0.73728,0.73746,1.00,1.00
2016.07.22 18:21:39.150,0.73723,0.73746,1.75,1.37
2016.07.22 18:21:39.200,0.73722,0.73746,3.37,1.37
2016.07.22 18:21:39.251,0.73722,0.73747,3.37,1.67
2016.07.22 18:21:39.647,0.73722,0.73745,3.37,1.12
2016.07.22 18:21:41.702,0.73724,0.73745,2.62,1.12
2016.07.22 18:21:41.753,0.73725,0.73745,2.62,1.00
2016.07.22 18:21:48.387,0.73725,0.73746,2.62,1.00
2016.07.22 18:21:48.457,0.73725,0.73749,2.62,1.67
2016.07.22 18:21:48.661,0.73725,0.7375,2.62,2.10
2016.07.22 18:21:48.762,0.73725,0.73745,2.62,1.00
2016.07.22 18:21:48.857,0.73725,0.7375,2.62,2.10
2016.07.22 18:21:49.142,0.73722,0.7375,2.62,3.97
2016.07.22 18:21:49.913,0.73724,0.7375,2.62,3.97
2016.07.22 18:21:49.963,0.73725,0.7375,2.62,1.35
2016.07.22 18:21:51.260,0.73725,0.73746,2.62,1.00
2016.07.22 18:21:52.161,0.73725,0.7375,2.62,2.10
2016.07.22 18:21:52.774,0.73723,0.7375,2.62,2.10
2016.07.22 18:21:54.463,0.73723,0.7375,2.62,1.35
2016.07.22 18:21:54.878,0.73722,0.7375,2.62,3.22
2016.07.22 18:21:56.164,0.73722,0.7375,2.62,3.97
2016.07.22 18:21:56.465,0.73722,0.7375,2.62,3.22
2016.07.22 18:21:56.685,0.73722,0.7375,2.62,3.97
2016.07.22 18:21:57.766,0.73722,0.73745,2.62,1.50
2016.07.22 18:21:59.165,0.73722,0.73745,2.62,2.10
2016.07.22 18:21:59.266,0.7372,0.7374,1.00,1.00
2016.07.22 18:21:59.369,0.7372,0.7374,1.00,1.00
2016.07.22 18:21:59.470,0.7372,0.7374,1.00,1.50
2016.07.22 18:21:59.572,0.7372,0.73745,2.62,1.12
2016.07.22 18:21:59.673,0.73723,0.73745,2.62,1.00
2016.07.22 18:21:59.774,0.73725,0.73749,2.62,1.67
2016.07.22 18:22:00.176,0.73725,0.7375,2.62,1.75
2016.07.22 18:22:03.373,0.73725,0.73751,2.62,1.75
2016.07.22 18:22:03.721,0.73725,0.7375,3.37,1.75
2016.07.22 18:22:03.822,0.73725,0.73753,3.37,2.62
2016.07.22 18:22:03.923,0.73725,0.73751,3.37,1.75
2016.07.22 18:22:04.215,0.73729,0.7375,2.62,1.00
2016.07.22 18:22:04.316,0.73731,0.73751,1.00,1.60
2016.07.22 18:22:04.417,0.73731,0.73745,1.00,1.00
2016.07.22 18:22:04.468,0.73726,0.73745,2.62,1.00
2016.07.22 18:22:04.570,0.73722,0.73745,2.62,1.37
2016.07.22 18:22:04.621,0.73724,0.73744,1.00,1.00
2016.07.22 18:22:04.722,0.73724,0.73744,1.00,1.00
2016.07.22 18:22:04.912,0.73726,0.7375,2.62,2.10
2016.07.22 18:22:04.963,0.73726,0.73749,2.62,1.30
2016.07.22 18:22:05.013,0.73726,0.73749,2.62,1.30
2016.07.22 18:22:05.778,0.73726,0.73749,2.62,1.30
2016.07.22 18:22:05.930,0.73726,0.7375,2.62,1.50
2016.07.22 18:22:06.091,0.73724,0.7375,2.62,1.75
2016.07.22 18:22:08.670,0.73726,0.73749,2.62,1.00
2016.07.22 18:22:08.721,0.73726,0.7375,2.62,1.50
2016.07.22 18:22:08.772,0.73727,0.7375,2.62,1.12
2016.07.22 18:22:08.822,0.73727,0.73751,2.62,1.72
2016.07.22 18:22:08.982,0.73727,0.73751,2.62,1.30
2016.07.22 18:22:09.084,0.73727,0.73751,2.62,1.72
2016.07.22 18:22:09.290,0.73725,0.7375,2.62,1.12
2016.07.22 18:22:09.391,0.73727,0.7375,2.62,1.00
2016.07.22 18:22:09.492,0.73726,0.7375,2.62,1.37
2016.07.22 18:22:11.811,0.73726,0.7375,2.62,1.72
2016.07.22 18:22:11.912,0.73724,0.73745,2.62,1.00
2016.07.22 18:22:12.005,0.7372,0.73745,2.62,1.75
2016.07.22 18:22:12.717,0.7372,0.73747,3.37,1.35
2016.07.22 18:22:12.848,0.7372,0.73745,2.62,1.75
2016.07.22 18:22:12.899,0.73722,0.73745,2.62,1.12
2016.07.22 18:22:13.101,0.73724,0.73745,2.62,1.00
2016.07.22 18:22:14.092,0.73725,0.73746,2.62,1.00
2016.07.22 18:22:14.193,0.73725,0.73751,2.62,2.10
2016.07.22 18:22:14.294,0.73725,0.7375,2.62,1.37
2016.07.22 18:22:16.094,0.73725,0.73751,2.62,1.50
2016.07.22 18:22:16.477,0.73726,0.73751,1.75,1.50
2016.07.22 18:22:16.528,0.73726,0.73753,1.75,2.62
2016.07.22 18:22:16.651,0.73732,0.73752,1.00,1.00
2016.07.22 18:22:16.830,0.73733,0.73756,2.62,1.50
2016.07.22 18:22:16.931,0.73733,0.73755,2.62,1.12
2016.07.22 18:22:18.213,0.73733,0.73756,2.62,1.50
2016.07.22 18:22:18.733,0.73733,0.73755,2.62,1.12
2016.07.22 18:22:19.214,0.73733,0.73751,2.62,1.00
2016.07.22 18:22:19.515,0.73733,0.73755,2.62,1.12
2016.07.22 18:22:21.617,0.73733,0.7375,2.62,1.00
2016.07.22 18:22:21.917,0.73733,0.73756,2.62,1.50
2016.07.22 18:22:25.321,0.73733,0.73755,2.62,1.12
2016.07.22 18:22:27.123,0.73733,0.7375,2.62,1.00
2016.07.22 18:22:27.924,0.73733,0.73755,2.62,1.12
2016.07.22 18:22:28.124,0.73733,0.73751,2.62,1.00
2016.07.22 18:22:30.062,0.73733,0.7375,2.62,1.00
2016.07.22 18:22:32.029,0.73733,0.73755,2.62,1.12
2016.07.22 18:22:32.530,0.73732,0.73751,4.50,1.00
2016.07.22 18:22:32.581,0.73732,0.73751,2.62,1.00
2016.07.22 18:22:32.994,0.73729,0.7375,2.62,1.00
2016.07.22 18:22:33.045,0.73728,0.7375,2.62,1.12
2016.07.22 18:22:33.600,0.73727,0.7375,2.62,1.12
2016.07.22 18:22:34.934,0.73727,0.73751,2.62,1.50
2016.07.22 18:22:35.066,0.7373,0.73755,2.62,1.50
2016.07.22 18:22:35.131,0.73731,0.73755,2.62,1.37
2016.07.22 18:22:35.182,0.73732,0.7375,2.62,1.00
2016.07.22 18:22:35.435,0.73734,0.7375,1.00,1.00
2016.07.22 18:22:35.485,0.7373,0.7375,2.62,1.00
2016.07.22 18:22:35.536,0.73727,0.7375,2.62,1.12
2016.07.22 18:22:38.137,0.73727,0.73751,2.62,1.50
2016.07.22 18:22:38.815,0.73732,0.73751,1.00,1.37
2016.07.22 18:22:38.866,0.73729,0.73755,2.62,2.10
2016.07.22 18:22:39.239,0.73729,0.73751,2.62,1.00
2016.07.22 18:22:39.343,0.73729,0.73755,2.62,2.10
2016.07.22 18:22:40.354,0.73729,0.7375,2.62,1.00
2016.07.22 18:22:40.455,0.73729,0.73755,2.62,2.10
2016.07.22 18:22:40.575,0.73729,0.73755,3.37,2.10
2016.07.22 18:22:40.626,0.7373,0.73755,2.62,2.10
2016.07.22 18:22:40.676,0.73735,0.73755,1.00,2.10
2016.07.22 18:22:41.142,0.73735,0.73755,1.00,1.35
2016.07.22 18:22:41.193,0.73735,0.73755,1.00,1.60
2016.07.22 18:22:41.742,0.73735,0.73755,1.00,2.10
2016.07.22 18:22:41.870,0.73735,0.73751,1.00,1.00
2016.07.22 18:22:41.971,0.73728,0.7375,2.62,1.00
2016.07.22 18:22:42.072,0.73727,0.7375,2.62,1.12
2016.07.22 18:22:45.907,0.73727,0.73751,2.62,1.50
2016.07.22 18:22:45.958,0.73727,0.7375,2.62,1.12
2016.07.22 18:22:46.261,0.73727,0.73751,2.62,1.50
2016.07.22 18:22:46.363,0.73727,0.7375,2.62,1.12
2016.07.22 18:22:47.852,0.73727,0.73751,2.62,1.50
2016.07.22 18:22:47.967,0.73727,0.7375,2.62,1.12
2016.07.22 18:22:48.964,0.73727,0.73753,2.62,1.35
2016.07.22 18:22:50.869,0.73727,0.73755,2.62,3.22
2016.07.22 18:22:50.920,0.7373,0.73755,2.62,1.35
2016.07.22 18:22:51.384,0.7373,0.73755,2.62,1.75
2016.07.22 18:22:51.487,0.7373,0.7375,2.62,1.00
2016.07.22 18:22:51.588,0.73729,0.7375,2.62,1.12
2016.07.22 18:22:52.158,0.73728,0.7375,2.62,1.12
2016.07.22 18:22:54.360,0.73728,0.73755,2.62,2.85
2016.07.22 18:22:54.799,0.7373,0.73755,2.62,2.25
2016.07.22 18:22:54.850,0.7373,0.73755,2.62,1.75
2016.07.22 18:22:54.901,0.73732,0.73755,2.62,1.37
2016.07.22 18:22:54.951,0.73737,0.73755,1.00,1.00
2016.07.22 18:22:55.280,0.73737,0.73757,1.00,1.00
2016.07.22 18:22:55.381,0.73737,0.73755,1.00,1.00
2016.07.22 18:22:56.202,0.73737,0.73756,1.00,1.00
2016.07.22 18:22:59.717,0.73737,0.73755,1.00,1.00
2016.07.22 18:23:00.853,0.73737,0.73756,1.00,1.00
2016.07.22 18:23:01.484,0.73737,0.73755,1.00,1.00
2016.07.22 18:23:05.225,0.73737,0.73756,1.00,1.00
2016.07.22 18:23:05.777,0.73737,0.73755,1.00,1.00
2016.07.22 18:23:05.879,0.73737,0.73756,1.00,1.60
2016.07.22 18:23:05.929,0.73735,0.73755,1.00,2.10
2016.07.22 18:23:06.334,0.73735,0.7375,1.00,1.00
2016.07.22 18:23:07.640,0.73733,0.7375,2.62,1.00
2016.07.22 18:23:07.842,0.73733,0.73755,2.62,1.00
2016.07.22 18:23:13.536,0.73733,0.73751,2.62,1.00
2016.07.22 18:23:13.825,0.73733,0.73756,2.62,1.12
2016.07.22 18:23:13.876,0.73733,0.73756,2.62,1.72
2016.07.22 18:23:13.936,0.73733,0.7375,2.62,1.00
2016.07.22 18:23:14.037,0.73731,0.7375,2.62,1.35
2016.07.22 18:23:14.087,0.73734,0.7375,1.00,1.35
2016.07.22 18:23:14.138,0.73729,0.7375,3.37,1.35
2016.07.22 18:23:14.188,0.73729,0.7375,2.62,1.35
2016.07.22 18:23:14.239,0.73729,0.73751,2.62,1.00
2016.07.22 18:23:18.541,0.73729,0.7375,2.62,1.00
2016.07.22 18:23:18.591,0.73735,0.7375,1.00,1.00
2016.07.22 18:23:26.148,0.73735,0.73751,1.00,1.00
2016.07.22 18:23:29.652,0.73735,0.7375,1.00,1.00
2016.07.22 18:23:35.274,0.73729,0.7375,4.50,1.00
2016.07.22 18:23:35.324,0.73729,0.7375,2.62,1.00
2016.07.22 18:23:35.375,0.73732,0.73755,2.62,1.50
2016.07.22 18:23:35.426,0.73732,0.73755,2.62,1.12
2016.07.22 18:23:35.476,0.73732,0.73756,2.62,2.10
2016.07.22 18:23:35.577,0.73732,0.73755,2.62,1.12
2016.07.22 18:23:35.678,0.73734,0.73755,2.62,1.00
2016.07.22 18:23:36.182,0.73734,0.73756,2.62,1.00
2016.07.22 18:23:36.851,0.73734,0.73756,2.62,1.35
2016.07.22 18:23:36.901,0.73734,0.73755,2.62,1.00
2016.07.22 18:23:37.002,0.73731,0.73755,3.37,1.37
2016.07.22 18:23:37.134,0.73731,0.73755,2.62,1.37
2016.07.22 18:23:37.185,0.73731,0.7375,2.62,1.00
2016.07.22 18:23:37.561,0.73731,0.73755,2.62,1.37
2016.07.22 18:23:40.642,0.73731,0.73756,2.62,2.10
2016.07.22 18:23:41.580,0.73731,0.73755,2.62,1.37
2016.07.22 18:23:41.996,0.73728,0.73755,3.37,1.75
2016.07.22 18:23:42.047,0.73728,0.73755,2.62,1.75
2016.07.22 18:23:42.485,0.73728,0.73756,2.62,4.72
2016.07.22 18:23:42.535,0.73728,0.73756,2.62,5.47
2016.07.22 18:23:42.586,0.73728,0.73755,2.62,1.75
2016.07.22 18:23:43.267,0.73728,0.7375,2.62,1.00
2016.07.22 18:23:44.068,0.73728,0.73755,2.62,1.75
2016.07.22 18:23:47.171,0.73728,0.7375,2.62,1.00
2016.07.22 18:23:47.520,0.73728,0.73756,2.62,5.47
2016.07.22 18:23:48.422,0.73726,0.73751,2.62,1.75
2016.07.22 18:23:48.773,0.73726,0.73754,2.62,2.62
2016.07.22 18:23:50.675,0.73726,0.7375,2.62,1.50
2016.07.22 18:23:50.782,0.73727,0.7375,2.62,1.37
2016.07.22 18:23:50.832,0.73732,0.7375,1.00,1.00
2016.07.22 18:23:52.184,0.73727,0.7375,2.62,1.12
2016.07.22 18:23:52.234,0.73727,0.7375,2.62,1.50
2016.07.22 18:24:00.084,0.73727,0.73751,2.62,1.75
2016.07.22 18:24:02.351,0.73727,0.7375,2.62,1.50
2016.07.22 18:24:09.733,0.73726,0.7375,4.50,1.50
2016.07.22 18:24:09.801,0.73726,0.7375,2.62,1.50
2016.07.22 18:24:11.515,0.73726,0.73751,2.62,1.75
2016.07.22 18:24:13.759,0.73726,0.73754,2.62,2.62
2016.07.22 18:24:13.817,0.73726,0.73754,2.62,2.62
2016.07.22 18:24:14.070,0.73729,0.73755,2.62,3.37
2016.07.22 18:24:14.121,0.73729,0.73755,2.62,1.75
2016.07.22 18:24:14.627,0.73733,0.73755,2.62,1.50
2016.07.22 18:24:14.834,0.73732,0.73755,2.62,1.37
2016.07.22 18:24:14.935,0.73729,0.73755,2.62,1.75
2016.07.22 18:24:15.036,0.73729,0.73752,2.62,1.00
2016.07.22 18:24:15.087,0.73729,0.73755,2.62,1.75
2016.07.22 18:24:15.811,0.73729,0.73756,2.62,1.75
2016.07.22 18:24:16.362,0.73729,0.73755,2.62,1.75
2016.07.22 18:24:17.155,0.73729,0.7375,2.62,1.00
2016.07.22 18:24:17.323,0.73729,0.73755,2.62,1.75
2016.07.22 18:24:17.975,0.73731,0.73755,2.62,1.50
2016.07.22 18:24:18.180,0.73729,0.73755,2.62,1.75
2016.07.22 18:24:20.950,0.73729,0.73756,2.62,1.75
2016.07.22 18:24:21.828,0.73729,0.73755,2.62,1.75
2016.07.22 18:24:23.040,0.73728,0.73755,2.62,3.37
2016.07.22 18:24:23.141,0.73727,0.73755,3.37,3.37
2016.07.22 18:24:26.132,0.73728,0.73755,2.62,3.37
2016.07.22 18:24:26.183,0.73729,0.73755,2.62,1.75
2016.07.22 18:24:28.535,0.73729,0.73756,2.62,1.75
2016.07.22 18:24:33.945,0.73729,0.73755,2.62,1.75
2016.07.22 18:24:35.042,0.73729,0.73756,2.62,1.75
2016.07.22 18:24:35.882,0.73729,0.73755,2.62,1.75
2016.07.22 18:24:36.033,0.7373,0.73755,1.75,1.75
2016.07.22 18:24:36.083,0.73731,0.73756,2.62,1.50
2016.07.22 18:24:36.558,0.73731,0.73758,2.62,1.75
2016.07.22 18:24:38.845,0.73731,0.73755,2.62,1.37
2016.07.22 18:24:39.722,0.73731,0.73754,2.62,1.00
2016.07.22 18:24:39.772,0.73729,0.73755,2.62,1.75
2016.07.22 18:24:39.873,0.7373,0.73757,1.75,2.62
2016.07.22 18:24:39.924,0.7373,0.73757,3.37,2.62
2016.07.22 18:24:40.052,0.73731,0.73758,2.62,1.75
2016.07.22 18:24:40.947,0.73731,0.73755,2.62,1.50
2016.07.22 18:24:42.180,0.73731,0.73758,2.62,1.75
2016.07.22 18:24:47.350,0.73736,0.73759,1.00,2.62
2016.07.22 18:24:47.402,0.73733,0.7376,2.10,1.75
2016.07.22 18:24:47.453,0.73736,0.7376,2.62,1.37
2016.07.22 18:24:47.504,0.73737,0.7376,2.62,1.12
2016.07.22 18:24:48.290,0.73737,0.7376,2.62,1.72
2016.07.22 18:24:48.391,0.73737,0.7376,2.62,1.30
2016.07.22 18:24:50.984,0.73737,0.7376,2.62,1.72
2016.07.22 18:24:51.034,0.73737,0.7376,2.62,1.12
2016.07.22 18:24:53.880,0.73737,0.73765,3.37,3.37
2016.07.22 18:24:53.982,0.73737,0.73765,4.12,3.37
2016.07.22 18:24:54.032,0.73738,0.73765,2.62,1.75
2016.07.22 18:24:54.083,0.73738,0.73766,2.62,3.37
2016.07.22 18:24:54.134,0.73738,0.73766,2.62,1.75
2016.07.22 18:24:54.235,0.73737,0.73764,1.75,2.62
2016.07.22 18:24:54.285,0.73737,0.73764,1.75,2.62
2016.07.22 18:24:54.376,0.73736,0.73764,3.37,2.62
2016.07.22 18:24:58.067,0.73736,0.7376,3.37,1.12
2016.07.22 18:24:58.968,0.73736,0.73764,3.37,2.62
2016.07.22 18:25:00.670,0.73736,0.7376,3.37,1.12
2016.07.22 18:25:04.115,0.73736,0.73761,3.37,1.50
2016.07.22 18:25:06.175,0.73736,0.7376,3.37,1.12
2016.07.22 18:25:09.178,0.73736,0.73761,3.37,1.50
2016.07.22 18:25:09.752,0.73742,0.73761,1.00,1.37
2016.07.22 18:25:09.887,0.73737,0.7376,2.62,1.00
2016.07.22 18:25:19.287,0.73737,0.73755,2.62,1.00
2016.07.22 18:25:22.291,0.73737,0.7376,2.62,1.00
2016.07.22 18:25:27.067,0.73742,0.7376,1.00,1.00
2016.07.22 18:25:39.015,0.73742,0.73761,1.00,1.00
2016.07.22 18:25:39.732,0.73742,0.7376,1.00,1.00
2016.07.22 18:25:43.610,0.73742,0.73761,1.00,1.00
2016.07.22 18:25:43.661,0.73742,0.73761,1.60,1.00
2016.07.22 18:25:43.711,0.73743,0.73762,1.60,1.00
2016.07.22 18:25:43.797,0.73754,0.73771,1.00,1.50
2016.07.22 18:25:43.847,0.73754,0.73771,1.00,1.00
2016.07.22 18:25:43.898,0.73759,0.73775,1.00,1.00
2016.07.22 18:25:43.948,0.73759,0.73778,1.00,1.00
2016.07.22 18:25:43.999,0.73756,0.7378,2.62,1.50
2016.07.22 18:25:48.119,0.73756,0.73781,2.62,1.75
2016.07.22 18:25:48.219,0.73756,0.7378,2.62,1.50
2016.07.22 18:25:53.624,0.73756,0.73781,2.62,1.75
2016.07.22 18:25:53.733,0.73756,0.73775,2.62,1.00
2016.07.22 18:25:54.343,0.73756,0.73776,2.62,1.00
2016.07.22 18:25:56.242,0.73754,0.73776,2.62,1.00
2016.07.22 18:25:58.131,0.73754,0.73775,2.62,1.00
2016.07.22 18:25:58.508,0.73753,0.73775,4.12,1.12
2016.07.22 18:25:58.630,0.73753,0.73776,4.12,1.37
2016.07.22 18:25:58.731,0.73753,0.73776,2.25,1.50
2016.07.22 18:25:59.531,0.73753,0.73775,2.25,1.12
2016.07.22 18:26:08.799,0.73753,0.73775,1.75,1.12
2016.07.22 18:26:08.941,0.73753,0.73776,1.75,1.50
2016.07.22 18:26:13.187,0.73753,0.73775,1.75,1.12
2016.07.22 18:26:13.339,0.73754,0.73775,2.62,1.00
2016.07.22 18:26:15.250,0.73754,0.73771,2.62,1.00
2016.07.22 18:26:15.748,0.73754,0.73775,2.62,1.00
2016.07.22 18:26:21.295,0.73756,0.73775,1.00,1.00
2016.07.22 18:26:21.346,0.73755,0.73775,2.62,1.00
2016.07.22 18:26:21.498,0.73756,0.73776,2.62,1.35
2016.07.22 18:26:21.548,0.73753,0.73776,2.62,1.72
2016.07.22 18:26:21.599,0.73753,0.7377,2.62,1.00
2016.07.22 18:26:21.650,0.73751,0.7377,2.62,1.00
2016.07.22 18:26:21.700,0.73751,0.73776,3.37,1.50
2016.07.22 18:26:21.751,0.73752,0.73776,2.62,1.00
2016.07.22 18:26:22.049,0.73751,0.73775,2.62,1.50
2016.07.22 18:26:26.560,0.73751,0.73776,2.62,2.10
2016.07.22 18:26:27.361,0.73751,0.73775,2.62,1.50
2016.07.22 18:26:31.689,0.73751,0.73776,2.62,2.10
2016.07.22 18:26:31.790,0.73751,0.73775,2.62,1.50
2016.07.22 18:26:32.509,0.73751,0.73775,2.62,1.75
2016.07.22 18:26:32.559,0.73749,0.73775,2.62,1.75
2016.07.22 18:26:33.343,0.73749,0.73776,2.62,1.75
2016.07.22 18:26:34.168,0.73749,0.73775,2.62,1.75
2016.07.22 18:26:39.908,0.73749,0.73776,2.62,1.75
2016.07.22 18:26:39.959,0.73752,0.73776,2.62,1.75
2016.07.22 18:26:40.009,0.73752,0.73775,2.62,1.50
2016.07.22 18:26:45.200,0.73752,0.73777,2.62,1.35
2016.07.22 18:26:45.605,0.73752,0.7378,2.62,3.37
2016.07.22 18:26:45.823,0.73752,0.7378,4.50,3.37
2016.07.22 18:26:45.874,0.73753,0.7378,2.62,1.75
2016.07.22 18:26:45.924,0.73754,0.73775,2.62,1.00
2016.07.22 18:26:45.975,0.7376,0.73775,1.00,1.00
2016.07.22 18:26:46.918,0.7376,0.7378,1.00,1.50
2016.07.22 18:26:47.123,0.73755,0.7378,1.75,1.50
2016.07.22 18:26:47.174,0.73754,0.7378,3.37,1.75
2016.07.22 18:26:47.225,0.73754,0.7378,2.62,1.75
2016.07.22 18:26:47.296,0.73754,0.73776,2.62,1.00
2016.07.22 18:26:47.815,0.73754,0.73775,2.62,1.00
2016.07.22 18:26:49.811,0.73756,0.73775,1.00,1.00
2016.07.22 18:26:52.008,0.73756,0.73776,1.00,1.50
2016.07.22 18:26:53.232,0.73756,0.73775,1.00,1.00
2016.07.22 18:26:54.106,0.73756,0.73776,1.00,1.00
2016.07.22 18:26:54.373,0.73756,0.73775,1.00,1.00
2016.07.22 18:26:55.539,0.73756,0.73776,1.00,1.50
2016.07.22 18:26:56.193,0.73756,0.73775,1.00,1.00
2016.07.22 18:27:07.010,0.73756,0.7377,1.00,1.00
2016.07.22 18:27:08.213,0.73756,0.73775,1.00,1.00
2016.07.22 18:27:08.613,0.73756,0.7377,1.00,1.00
2016.07.22 18:27:09.114,0.73756,0.73775,1.00,1.00
2016.07.22 18:27:09.752,0.7375,0.73775,3.37,1.00
2016.07.22 18:27:09.802,0.73751,0.73775,2.62,1.12
2016.07.22 18:27:14.204,0.73751,0.73775,3.37,1.12
2016.07.22 18:27:16.222,0.73751,0.73776,3.37,1.37
2016.07.22 18:27:17.243,0.73751,0.73775,3.37,1.12
2016.07.22 18:27:17.294,0.73751,0.73775,2.62,1.12
2016.07.22 18:27:17.459,0.73751,0.73776,2.62,1.37
2016.07.22 18:27:18.826,0.73751,0.73775,2.62,1.12
2016.07.22 18:27:27.241,0.73755,0.7378,2.62,1.75
2016.07.22 18:27:27.297,0.73755,0.7378,3.37,1.75
2016.07.22 18:27:27.347,0.73758,0.7378,2.62,1.00
2016.07.22 18:27:27.448,0.73764,0.7378,1.00,1.00
2016.07.22 18:27:28.200,0.73758,0.7378,2.62,1.00
2016.07.22 18:27:30.440,0.73758,0.73786,2.62,3.37
2016.07.22 18:27:32.142,0.73758,0.7378,2.62,1.00
2016.07.22 18:27:32.342,0.73758,0.73785,2.62,1.75
2016.07.22 18:27:37.573,0.73758,0.73781,2.62,1.12
2016.07.22 18:27:38.189,0.73758,0.7378,2.62,1.00
2016.07.22 18:27:38.290,0.73758,0.73781,2.62,1.12
2016.07.22 18:27:38.349,0.73758,0.7378,2.62,1.00
2016.07.22 18:27:46.359,0.73758,0.73781,2.62,1.12
2016.07.22 18:27:46.891,0.7376,0.73781,2.62,1.00
2016.07.22 18:27:47.090,0.73757,0.7378,1.75,1.37
2016.07.22 18:27:47.192,0.73757,0.73775,1.75,1.00
2016.07.22 18:27:47.548,0.73756,0.73775,2.62,1.00
2016.07.22 18:27:47.700,0.73753,0.73775,3.37,1.00
2016.07.22 18:27:47.801,0.73753,0.73775,1.75,1.75
2016.07.22 18:27:50.570,0.73753,0.73776,1.75,1.75
2016.07.22 18:27:50.620,0.7375,0.73776,2.62,1.75
2016.07.22 18:27:50.671,0.73754,0.73778,1.35,2.62
2016.07.22 18:27:50.721,0.73754,0.7378,1.35,1.75
2016.07.22 18:27:50.773,0.73755,0.73781,2.62,1.75
2016.07.22 18:27:50.874,0.73756,0.73781,2.62,1.12
2016.07.22 18:27:51.205,0.73757,0.73781,1.75,1.12
2016.07.22 18:27:51.306,0.73756,0.73781,2.62,1.12
2016.07.22 18:27:51.407,0.73756,0.7378,2.62,1.00
2016.07.22 18:27:51.867,0.73756,0.7378,2.62,1.37
2016.07.22 18:27:51.917,0.73759,0.73779,1.00,1.00
2016.07.22 18:27:51.968,0.73759,0.73775,1.00,1.00
2016.07.22 18:27:52.480,0.73759,0.73779,1.00,1.00
2016.07.22 18:27:52.581,0.73758,0.7378,2.62,1.12
2016.07.22 18:27:58.619,0.73757,0.7378,1.75,1.37
2016.07.22 18:27:58.821,0.73756,0.7378,3.22,1.37
2016.07.22 18:27:59.078,0.73756,0.73781,3.22,1.50
2016.07.22 18:27:59.779,0.73756,0.73776,3.22,1.00
2016.07.22 18:28:00.079,0.73756,0.7378,3.22,1.37
2016.07.22 18:28:02.024,0.73756,0.73775,3.22,1.00
2016.07.22 18:28:04.694,0.73756,0.7378,3.22,1.37
2016.07.22 18:28:06.268,0.73759,0.7378,1.67,1.37
2016.07.22 18:28:06.318,0.7376,0.73785,2.25,1.50
2016.07.22 18:28:06.369,0.73765,0.73785,1.00,1.50
2016.07.22 18:28:06.419,0.73765,0.7378,1.00,1.00
2016.07.22 18:28:06.742,0.73765,0.73785,1.00,1.00
2016.07.22 18:28:06.843,0.73765,0.7378,1.00,1.00
2016.07.22 18:28:06.944,0.7376,0.7378,2.62,1.00
2016.07.22 18:28:07.530,0.73761,0.7378,2.62,1.00
2016.07.22 18:28:09.363,0.73761,0.73785,2.62,1.50
2016.07.22 18:28:10.018,0.73761,0.73786,2.62,1.75
2016.07.22 18:28:10.260,0.73761,0.73785,2.62,1.50
2016.07.22 18:28:10.856,0.73761,0.7378,2.62,1.00
2016.07.22 18:28:12.059,0.73761,0.73785,2.62,1.50
2016.07.22 18:28:15.525,0.73761,0.73786,2.62,1.75
2016.07.22 18:28:18.528,0.73761,0.73785,2.62,1.50
2016.07.22 18:28:29.769,0.7376,0.73785,4.50,1.50
2016.07.22 18:28:29.927,0.7376,0.73785,2.62,1.50
2016.07.22 18:28:30.954,0.7376,0.73786,2.62,1.75
2016.07.22 18:28:31.543,0.7376,0.73785,2.62,1.50
2016.07.22 18:28:33.760,0.7376,0.7378,2.62,1.00
2016.07.22 18:28:33.824,0.73763,0.7378,1.00,1.00
2016.07.22 18:28:34.667,0.73758,0.7378,2.62,1.00
2016.07.22 18:28:34.717,0.73757,0.7378,2.62,1.12
2016.07.22 18:28:34.947,0.73758,0.7378,1.75,1.12
2016.07.22 18:28:35.388,0.73758,0.7378,1.75,1.75
2016.07.22 18:28:35.489,0.73755,0.7378,2.62,1.75
2016.07.22 18:28:35.814,0.73755,0.73778,2.62,1.30
2016.07.22 18:28:35.887,0.73755,0.73775,2.62,1.00
2016.07.22 18:28:35.988,0.73753,0.73775,1.75,1.50
2016.07.22 18:28:37.254,0.73756,0.73779,1.30,2.62
2016.07.22 18:28:37.305,0.73756,0.7378,1.35,1.75
2016.07.22 18:28:37.355,0.73754,0.7378,2.62,1.75
2016.07.22 18:28:37.406,0.73756,0.7378,2.62,1.50
2016.07.22 18:28:37.557,0.73756,0.7378,3.22,1.50
2016.07.22 18:28:37.658,0.73756,0.73775,2.62,1.00
2016.07.22 18:28:37.794,0.73755,0.73775,2.62,1.37
2016.07.22 18:28:37.845,0.73752,0.73775,1.35,1.50
2016.07.22 18:28:37.946,0.73751,0.73775,2.62,1.50
2016.07.22 18:28:41.555,0.73751,0.7377,2.62,1.00
2016.07.22 18:28:42.171,0.73751,0.73776,2.62,1.75
2016.07.22 18:28:43.056,0.73751,0.73775,2.62,1.50
2016.07.22 18:28:48.653,0.73753,0.73775,1.75,1.50
2016.07.22 18:28:48.704,0.73754,0.73779,1.75,2.62
2016.07.22 18:28:48.754,0.73756,0.73779,1.12,2.62
2016.07.22 18:28:48.805,0.73758,0.7378,2.25,2.25
2016.07.22 18:28:48.855,0.73758,0.73781,2.62,1.12
2016.07.22 18:28:48.906,0.73762,0.7378,1.50,1.00
2016.07.22 18:28:48.957,0.73762,0.7378,1.75,1.00
2016.07.22 18:28:49.007,0.73759,0.7378,2.62,1.00
2016.07.22 18:28:49.058,0.73763,0.7378,1.00,1.00
2016.07.22 18:28:49.204,0.73763,0.73783,1.00,1.00
2016.07.22 18:28:50.166,0.73763,0.7378,1.00,1.00
2016.07.22 18:28:51.811,0.73763,0.73781,1.00,1.00
2016.07.22 18:28:52.366,0.73763,0.7378,1.00,1.00
2016.07.22 18:28:57.372,0.73763,0.73781,1.00,1.00
2016.07.22 18:28:58.598,0.73763,0.7378,1.00,1.00
2016.07.22 18:28:59.251,0.73763,0.73781,1.00,1.00
2016.07.22 18:28:59.802,0.73763,0.7378,1.00,1.00
2016.07.22 18:29:01.552,0.73761,0.7378,2.62,1.00
2016.07.22 18:29:01.603,0.73763,0.7378,1.75,1.00
2016.07.22 18:29:01.653,0.73763,0.7378,3.37,1.00
2016.07.22 18:29:01.704,0.73768,0.73786,1.00,1.00
2016.07.22 18:29:01.957,0.73763,0.73785,2.62,1.37
2016.07.22 18:29:02.007,0.7376,0.73785,2.62,1.50
2016.07.22 18:29:04.713,0.7376,0.73781,2.62,1.00
2016.07.22 18:29:07.811,0.7376,0.7378,2.62,1.00
2016.07.22 18:29:07.962,0.73761,0.7378,1.75,1.00
2016.07.22 18:29:08.013,0.73761,0.73785,1.75,1.50
2016.07.22 18:29:08.064,0.73763,0.73785,2.62,1.12
2016.07.22 18:29:08.170,0.73762,0.73785,2.62,1.50
2016.07.22 18:29:08.223,0.73765,0.73781,1.75,1.00
2016.07.22 18:29:08.324,0.73762,0.73785,3.37,1.50
2016.07.22 18:29:08.375,0.73762,0.73785,2.62,1.50
2016.07.22 18:29:08.526,0.7376,0.73785,2.62,1.50
2016.07.22 18:29:11.288,0.73763,0.73785,1.75,1.50
2016.07.22 18:29:11.390,0.73762,0.73785,2.62,1.50
2016.07.22 18:29:17.823,0.73762,0.73786,2.62,1.75
2016.07.22 18:29:19.056,0.73762,0.73785,2.62,1.50
2016.07.22 18:29:20.929,0.73762,0.73786,2.62,1.75
2016.07.22 18:29:21.282,0.73764,0.73786,2.62,1.50
2016.07.22 18:29:21.333,0.73764,0.73786,2.62,1.12
2016.07.22 18:29:21.468,0.73763,0.73786,2.62,1.37
2016.07.22 18:29:21.521,0.73762,0.73786,2.62,1.75
2016.07.22 18:29:21.629,0.73762,0.73785,2.62,1.50
2016.07.22 18:29:35.263,0.73762,0.73786,2.62,1.75
2016.07.22 18:29:35.454,0.73767,0.73786,1.00,1.37
2016.07.22 18:29:35.505,0.73763,0.73786,2.62,1.12
2016.07.22 18:29:35.555,0.73763,0.73785,2.62,1.37
2016.07.22 18:29:35.606,0.73761,0.73785,2.62,1.75
2016.07.22 18:29:37.148,0.73761,0.73786,2.62,1.75
2016.07.22 18:29:37.668,0.73761,0.7378,2.62,1.00
2016.07.22 18:29:41.203,0.73761,0.73785,2.62,1.75
2016.07.22 18:29:48.562,0.73761,0.73786,2.62,1.75
2016.07.22 18:29:50.165,0.73761,0.73785,2.62,1.75
2016.07.22 18:29:58.073,0.73761,0.7378,2.62,1.00
2016.07.22 18:29:59.875,0.73759,0.7378,3.37,1.00
2016.07.22 18:29:59.977,0.73759,0.7378,2.62,1.00
2016.07.22 18:30:00.388,0.73759,0.73786,2.62,1.75
2016.07.22 18:30:01.025,0.73759,0.73781,2.62,1.00
2016.07.22 18:30:02.977,0.73759,0.7378,2.62,1.00
2016.07.22 18:30:03.778,0.73759,0.73785,2.62,1.75
2016.07.22 18:30:04.480,0.73759,0.7378,2.62,1.00
2016.07.22 18:30:05.223,0.73759,0.73786,2.62,1.75
2016.07.22 18:30:06.282,0.73759,0.7378,2.62,1.00
2016.07.22 18:30:06.384,0.73763,0.7378,1.00,1.12
2016.07.22 18:30:06.451,0.73757,0.7378,2.62,1.12
2016.07.22 18:30:06.858,0.73759,0.7378,2.62,1.00
2016.07.22 18:30:07.411,0.73759,0.73785,2.62,2.25
2016.07.22 18:30:14.334,0.73759,0.73784,2.62,1.50
2016.07.22 18:30:14.992,0.73759,0.73784,2.62,1.50
2016.07.22 18:30:15.464,0.73758,0.73784,5.25,1.50
2016.07.22 18:30:15.514,0.73758,0.73784,3.37,1.75
2016.07.22 18:30:15.616,0.73758,0.73784,3.37,1.75
2016.07.22 18:30:15.667,0.73758,0.73784,2.62,1.75
2016.07.22 18:30:17.095,0.73758,0.7378,2.62,1.00
2016.07.22 18:30:19.500,0.73758,0.73781,2.62,1.12
2016.07.22 18:30:19.799,0.73758,0.7378,2.62,1.00
2016.07.22 18:30:20.611,0.73758,0.73781,2.62,1.12
2016.07.22 18:30:21.512,0.73758,0.7378,2.62,1.00
2016.07.22 18:30:25.863,0.73757,0.7378,2.62,1.37
2016.07.22 18:30:25.970,0.73756,0.73781,2.62,1.75
2016.07.22 18:30:26.318,0.73756,0.73775,2.62,1.00
2016.07.22 18:30:28.522,0.73756,0.7378,2.62,2.25
2016.07.22 18:30:28.624,0.73756,0.7378,2.62,1.50
2016.07.22 18:30:31.426,0.73756,0.73775,2.62,1.00
2016.07.22 18:30:34.729,0.73756,0.73776,2.62,1.00
2016.07.22 18:30:35.801,0.73754,0.73776,2.62,1.87
2016.07.22 18:30:35.851,0.73756,0.73775,1.00,1.00
2016.07.22 18:30:35.902,0.73751,0.73775,3.37,3.00
2016.07.22 18:30:35.953,0.73751,0.73775,1.75,3.37
2016.07.22 18:30:36.004,0.73751,0.73775,2.25,1.75
2016.07.22 18:30:36.105,0.73751,0.73775,1.75,1.75
2016.07.22 18:30:36.206,0.7375,0.73775,2.62,1.75
2016.07.22 18:30:42.238,0.7375,0.73776,2.62,1.75
2016.07.22 18:30:42.739,0.7375,0.73775,2.62,1.75
2016.07.22 18:30:42.840,0.7375,0.7377,2.62,1.00
2016.07.22 18:30:43.042,0.73747,0.7377,2.62,1.12
2016.07.22 18:30:44.741,0.73747,0.73771,2.62,1.50
2016.07.22 18:30:45.384,0.73747,0.7377,2.62,1.12
2016.07.22 18:30:47.345,0.73747,0.73765,2.62,1.00
2016.07.22 18:30:50.148,0.73747,0.7377,2.62,1.12
2016.07.22 18:30:51.914,0.73749,0.7377,2.62,1.00
2016.07.22 18:30:52.236,0.73752,0.7377,1.00,1.12
2016.07.22 18:30:52.286,0.73747,0.7377,2.62,1.12
2016.07.22 18:30:52.453,0.73747,0.73771,2.62,1.50
2016.07.22 18:30:52.554,0.73747,0.7377,2.62,1.12
2016.07.22 18:30:53.082,0.73747,0.73771,2.62,1.50
2016.07.22 18:30:53.132,0.73748,0.73771,2.62,1.12
2016.07.22 18:30:53.183,0.73753,0.73771,1.00,1.00
2016.07.22 18:30:53.435,0.73748,0.7377,2.62,1.00
2016.07.22 18:30:53.485,0.73746,0.7377,2.62,1.00
2016.07.22 18:30:57.808,0.73746,0.73765,2.62,1.00
2016.07.22 18:30:58.928,0.73747,0.73765,2.62,1.00
2016.07.22 18:30:59.109,0.73747,0.7377,2.62,1.00
2016.07.22 18:31:00.289,0.73747,0.73766,2.62,1.00
2016.07.22 18:31:00.361,0.73747,0.7377,2.62,1.00
2016.07.22 18:31:00.831,0.73748,0.73771,1.75,1.00
2016.07.22 18:31:00.881,0.73751,0.73776,2.62,2.25
2016.07.22 18:31:00.932,0.73751,0.73776,2.62,1.50
2016.07.22 18:31:01.084,0.73751,0.73775,2.62,1.12
2016.07.22 18:31:01.185,0.73754,0.73775,2.62,1.00
2016.07.22 18:31:01.286,0.73754,0.7378,2.62,2.25
2016.07.22 18:31:01.435,0.73754,0.73775,2.62,1.00
2016.07.22 18:31:02.264,0.73754,0.73776,2.62,1.00
2016.07.22 18:31:02.667,0.73754,0.7378,2.62,2.25
2016.07.22 18:31:03.366,0.73754,0.73775,2.62,1.00
2016.07.22 18:31:07.071,0.73754,0.7378,2.62,1.75
2016.07.22 18:31:07.282,0.73756,0.7378,2.62,1.50
2016.07.22 18:31:07.534,0.73756,0.73779,2.62,1.12
2016.07.22 18:31:07.650,0.73754,0.73779,2.62,1.75
2016.07.22 18:31:09.080,0.73754,0.73775,2.62,1.00
2016.07.22 18:31:21.479,0.73755,0.73775,1.75,1.00
2016.07.22 18:31:21.529,0.73759,0.7378,2.62,1.37
2016.07.22 18:31:21.580,0.7376,0.7378,2.62,1.00
2016.07.22 18:31:21.833,0.73759,0.73775,2.62,1.00
2016.07.22 18:31:21.934,0.73759,0.7378,2.62,1.12
2016.07.22 18:31:21.984,0.73757,0.7378,2.62,1.50
2016.07.22 18:31:22.114,0.73757,0.73775,2.62,1.00
2016.07.22 18:31:22.165,0.73757,0.7378,2.62,1.50
2016.07.22 18:31:22.715,0.73757,0.73775,2.62,1.00
2016.07.22 18:31:23.018,0.73757,0.73775,1.00,1.00
2016.07.22 18:31:23.069,0.73753,0.73775,2.62,1.12
2016.07.22 18:31:23.120,0.73752,0.73775,2.62,1.50
2016.07.22 18:31:24.305,0.73752,0.73775,3.37,1.50
2016.07.22 18:31:24.412,0.73752,0.73775,2.62,1.50
2016.07.22 18:31:24.463,0.73752,0.73775,4.50,1.37
2016.07.22 18:31:24.514,0.73753,0.73775,2.62,1.00
2016.07.22 18:31:24.615,0.73756,0.73775,1.00,1.00
2016.07.22 18:31:28.027,0.73756,0.73776,1.00,1.50
2016.07.22 18:31:28.135,0.73756,0.73775,1.00,1.00
2016.07.22 18:31:28.258,0.73754,0.73775,2.62,1.00
2016.07.22 18:31:29.624,0.73754,0.7378,2.62,2.25
2016.07.22 18:31:33.422,0.73754,0.7378,2.62,1.75
2016.07.22 18:31:33.472,0.73755,0.7378,2.62,1.50
2016.07.22 18:31:34.280,0.73756,0.7378,2.62,1.50
2016.07.22 18:31:37.026,0.73756,0.7378,2.62,1.75
2016.07.22 18:31:37.076,0.73756,0.73776,2.62,1.00
2016.07.22 18:31:37.127,0.73754,0.73776,2.62,1.00
2016.07.22 18:31:40.553,0.73754,0.73775,2.62,1.00
2016.07.22 18:31:45.061,0.73754,0.7378,2.62,1.75
2016.07.22 18:31:45.266,0.73754,0.73781,2.62,2.25
2016.07.22 18:31:45.639,0.73754,0.73775,2.62,1.00
2016.07.22 18:31:54.847,0.73754,0.73776,2.62,1.00
2016.07.22 18:31:56.279,0.73754,0.7378,2.62,1.75
2016.07.22 18:31:58.151,0.73754,0.73776,2.62,1.00
2016.07.22 18:31:58.752,0.73753,0.73775,2.62,1.00
2016.07.22 18:31:59.162,0.73753,0.73776,2.62,1.12
2016.07.22 18:31:59.576,0.73757,0.73775,2.62,1.00
2016.07.22 18:31:59.628,0.73757,0.73775,4.50,1.00
2016.07.22 18:31:59.679,0.73757,0.7378,2.62,1.12
2016.07.22 18:31:59.780,0.73756,0.7378,2.62,1.50
2016.07.22 18:32:00.166,0.73758,0.73781,1.75,1.75
2016.07.22 18:32:00.320,0.73758,0.73781,3.37,1.37
2016.07.22 18:32:00.371,0.73759,0.73775,2.62,1.00
2016.07.22 18:32:00.472,0.73757,0.73775,2.62,1.00
2016.07.22 18:32:00.573,0.73755,0.73775,2.62,1.00
2016.07.22 18:32:00.674,0.73755,0.7378,2.62,2.10
2016.07.22 18:32:01.757,0.73755,0.73775,2.62,1.00
2016.07.22 18:32:02.589,0.73755,0.7378,2.62,2.10
2016.07.22 18:32:03.460,0.73755,0.73775,2.62,1.00
2016.07.22 18:32:03.760,0.73755,0.7378,2.62,2.10
2016.07.22 18:32:04.160,0.73755,0.73775,2.62,1.00
2016.07.22 18:32:04.561,0.73755,0.7378,2.62,2.10
2016.07.22 18:32:05.562,0.73755,0.73775,2.62,1.00
2016.07.22 18:32:06.322,0.73755,0.73775,4.50,1.00
2016.07.22 18:32:06.439,0.73756,0.73775,2.62,1.00
2016.07.22 18:32:08.965,0.73756,0.73776,2.62,1.00
2016.07.22 18:32:11.567,0.73756,0.73775,2.62,1.00
2016.07.22 18:32:19.096,0.73758,0.73775,1.35,1.00
2016.07.22 18:32:19.568,0.73758,0.7378,1.35,1.50
2016.07.22 18:32:20.076,0.73758,0.73775,1.35,1.00
2016.07.22 18:32:20.674,0.73756,0.73775,2.62,1.00
2016.07.22 18:32:20.725,0.73762,0.73775,1.00,1.00
2016.07.22 18:32:20.826,0.73759,0.7378,2.62,1.00
2016.07.22 18:32:21.028,0.73759,0.73776,2.62,1.00
2016.07.22 18:32:21.172,0.73756,0.73775,2.62,1.00
2016.07.22 18:32:21.223,0.73758,0.73775,1.00,1.00
2016.07.22 18:32:21.589,0.73755,0.73775,2.62,1.00
2016.07.22 18:32:21.640,0.73757,0.73775,2.62,1.00
2016.07.22 18:32:21.691,0.73762,0.7378,1.00,1.00
2016.07.22 18:32:22.038,0.73757,0.7378,4.50,1.00
2016.07.22 18:32:22.089,0.73759,0.7378,2.62,1.00
2016.07.22 18:32:22.922,0.73757,0.7378,2.62,1.00
2016.07.22 18:32:23.507,0.73757,0.7378,3.37,1.00
2016.07.22 18:32:23.733,0.73757,0.73781,3.37,1.12
2016.07.22 18:32:24.806,0.73757,0.73781,4.12,1.12
2016.07.22 18:32:25.581,0.73757,0.73781,3.37,1.12
2016.07.22 18:32:25.862,0.73763,0.73781,1.00,1.12
2016.07.22 18:32:25.912,0.73758,0.73781,2.62,1.00
2016.07.22 18:32:26.337,0.73758,0.73785,2.62,1.50
2016.07.22 18:32:26.438,0.73758,0.7378,2.62,1.00
2016.07.22 18:32:29.929,0.73761,0.7378,2.62,1.00
2016.07.22 18:32:30.434,0.73762,0.7378,2.62,1.00
2016.07.22 18:32:30.919,0.73762,0.73785,2.62,1.50
2016.07.22 18:32:31.020,0.73762,0.73786,2.62,1.75
2016.07.22 18:32:31.121,0.73762,0.73785,2.62,1.50
2016.07.22 18:32:31.172,0.73764,0.73785,2.62,1.37
2016.07.22 18:32:31.222,0.73768,0.73786,1.00,1.00
2016.07.22 18:32:31.725,0.73768,0.73785,1.00,1.00
2016.07.22 18:32:32.140,0.73764,0.73786,2.62,1.37
2016.07.22 18:32:32.241,0.73765,0.73785,1.00,1.00
2016.07.22 18:32:32.834,0.73765,0.73785,1.00,1.50
2016.07.22 18:32:40.279,0.73765,0.73781,1.00,1.00
2016.07.22 18:32:40.809,0.73765,0.7378,1.00,1.00
2016.07.22 18:32:41.276,0.73762,0.7378,2.62,1.00
2016.07.22 18:32:41.634,0.73763,0.73785,2.62,1.00
2016.07.22 18:32:44.281,0.73763,0.73785,2.62,1.37
2016.07.22 18:32:44.331,0.73761,0.73785,2.62,1.75
2016.07.22 18:32:46.651,0.73762,0.73786,1.75,1.75
2016.07.22 18:32:46.752,0.73762,0.73785,3.37,1.50
2016.07.22 18:32:46.803,0.73763,0.73785,1.75,1.50
2016.07.22 18:32:46.854,0.73765,0.73785,2.25,1.37
2016.07.22 18:32:46.905,0.73765,0.73785,2.62,1.00
2016.07.22 18:32:47.445,0.73765,0.73786,2.62,1.00
2016.07.22 18:32:49.246,0.73765,0.73785,2.62,1.00
2016.07.22 18:32:51.175,0.73765,0.73786,2.62,1.00
2016.07.22 18:32:51.782,0.73765,0.73785,2.62,1.00
2016.07.22 18:32:52.443,0.73765,0.73786,2.62,1.00
2016.07.22 18:32:53.651,0.73765,0.73785,2.62,1.00
2016.07.22 18:32:54.785,0.73765,0.73791,2.62,1.75
2016.07.22 18:32:56.090,0.73765,0.7379,2.62,1.75
2016.07.22 18:32:58.057,0.73765,0.73786,2.62,1.00
2016.07.22 18:33:01.106,0.73765,0.73785,2.62,1.00
2016.07.22 18:33:05.966,0.73765,0.73786,2.62,1.00
2016.07.22 18:33:07.781,0.73765,0.7379,2.62,1.75
2016.07.22 18:33:09.782,0.73769,0.73789,1.00,1.00
2016.07.22 18:33:09.833,0.73764,0.7379,2.62,1.75
2016.07.22 18:33:09.883,0.73763,0.73785,3.37,1.00
2016.07.22 18:33:09.934,0.73763,0.73785,2.62,1.00
2016.07.22 18:33:09.985,0.73766,0.73785,1.00,1.00
2016.07.22 18:33:10.371,0.73766,0.73786,1.00,1.50
2016.07.22 18:33:10.472,0.73766,0.73785,1.00,1.00
2016.07.22 18:33:11.252,0.73766,0.73786,1.00,1.50
2016.07.22 18:33:11.473,0.73766,0.73785,1.00,1.00
2016.07.22 18:33:11.938,0.73763,0.73785,2.62,1.00
2016.07.22 18:33:12.039,0.73766,0.73785,2.62,1.00
2016.07.22 18:33:12.090,0.73768,0.7379,2.62,1.12
2016.07.22 18:33:12.394,0.73768,0.73791,2.62,1.37
2016.07.22 18:33:12.495,0.73768,0.73791,2.62,1.72
2016.07.22 18:33:12.596,0.73768,0.7379,2.62,1.12
2016.07.22 18:33:12.647,0.73768,0.7379,2.62,2.10
2016.07.22 18:33:12.697,0.73765,0.73785,3.37,1.00
2016.07.22 18:33:14.227,0.7377,0.73785,1.00,1.00
2016.07.22 18:33:14.278,0.73766,0.73785,2.62,1.00
2016.07.22 18:33:14.328,0.73766,0.73791,2.62,1.75
2016.07.22 18:33:15.079,0.73765,0.73791,1.75,1.75
2016.07.22 18:33:15.380,0.73765,0.73786,1.75,1.00
2016.07.22 18:33:15.481,0.73764,0.73785,2.62,1.00
2016.07.22 18:33:16.081,0.73764,0.73786,2.62,1.00
2016.07.22 18:33:16.132,0.73764,0.73786,2.62,1.37
2016.07.22 18:33:16.182,0.73762,0.73785,1.75,1.75
2016.07.22 18:33:16.284,0.7376,0.73785,3.37,1.75
2016.07.22 18:33:17.455,0.7376,0.73785,2.62,1.75
2016.07.22 18:33:17.886,0.7376,0.7378,2.62,1.00
2016.07.22 18:33:24.615,0.7376,0.73781,2.62,1.00
2016.07.22 18:33:24.953,0.7376,0.73785,2.62,1.75
2016.07.22 18:33:25.327,0.73766,0.73785,1.00,1.00
2016.07.22 18:33:25.851,0.73766,0.73786,1.00,1.50
2016.07.22 18:33:26.002,0.7376,0.73786,2.62,1.75
2016.07.22 18:33:26.053,0.7376,0.73781,2.62,1.00
2016.07.22 18:33:26.718,0.7376,0.7378,2.62,1.00
2016.07.22 18:33:30.020,0.7376,0.73781,2.62,1.00
2016.07.22 18:33:31.122,0.7376,0.7378,2.62,1.00
2016.07.22 18:33:31.733,0.7376,0.73781,2.62,1.00
2016.07.22 18:33:32.623,0.7376,0.7378,2.62,1.00
2016.07.22 18:33:35.825,0.7376,0.73781,2.62,1.00
2016.07.22 18:33:36.727,0.7376,0.7378,2.62,1.00
2016.07.22 18:33:37.928,0.7376,0.73781,2.62,1.00
2016.07.22 18:33:38.731,0.7376,0.7378,2.62,1.00
2016.07.22 18:33:41.121,0.73764,0.7378,1.00,1.00
2016.07.22 18:33:41.172,0.73759,0.7378,2.62,1.00
2016.07.22 18:34:00.152,0.7376,0.73781,2.62,1.00
2016.07.22 18:34:00.657,0.73759,0.7378,2.62,1.12
2016.07.22 18:34:00.708,0.73757,0.7378,2.62,1.12
2016.07.22 18:34:00.945,0.73756,0.73775,2.62,1.00
2016.07.22 18:34:01.467,0.73755,0.73776,2.62,1.00
2016.07.22 18:34:02.276,0.73755,0.73775,2.62,1.00
2016.07.22 18:34:05.863,0.73755,0.73776,2.62,1.00
2016.07.22 18:34:06.416,0.73755,0.73775,2.62,1.00
2016.07.22 18:34:10.864,0.73755,0.73776,2.62,1.00
2016.07.22 18:34:11.378,0.73755,0.73775,2.62,1.00
2016.07.22 18:34:11.983,0.73755,0.73776,2.62,1.00
2016.07.22 18:34:12.974,0.73755,0.73775,2.62,1.00
2016.07.22 18:34:14.480,0.73755,0.7378,2.62,1.75
2016.07.22 18:34:14.585,0.73755,0.73775,2.62,1.00
2016.07.22 18:34:15.870,0.73755,0.73776,2.62,1.00
2016.07.22 18:34:15.921,0.73758,0.73776,1.00,1.00
2016.07.22 18:34:17.572,0.73758,0.73775,1.00,1.00
2016.07.22 18:34:19.498,0.73758,0.73776,1.00,1.00
2016.07.22 18:34:20.003,0.73758,0.73775,1.00,1.00
2016.07.22 18:34:24.624,0.73758,0.73778,1.00,1.00
2016.07.22 18:34:25.225,0.73757,0.7378,2.62,1.50
2016.07.22 18:34:25.351,0.73756,0.7378,2.62,1.37
2016.07.22 18:34:25.401,0.73754,0.7378,3.37,1.75
2016.07.22 18:34:25.553,0.73757,0.7378,2.62,1.37
2016.07.22 18:34:25.604,0.73762,0.7378,1.00,1.00
2016.07.22 18:34:25.727,0.73757,0.7378,2.62,1.37
2016.07.22 18:34:25.777,0.73756,0.7378,2.62,1.50
2016.07.22 18:34:26.127,0.73755,0.7378,4.50,1.50
2016.07.22 18:34:26.178,0.73755,0.7378,2.62,1.75
2016.07.22 18:34:26.590,0.73755,0.73775,2.62,1.00
2016.07.22 18:34:32.581,0.73757,0.73775,1.75,1.00
2016.07.22 18:34:32.631,0.73757,0.73775,1.75,1.00
2016.07.22 18:34:32.732,0.73756,0.7378,1.75,1.50
2016.07.22 18:34:32.841,0.73758,0.73778,1.00,1.00
2016.07.22 18:34:33.443,0.73756,0.7378,3.37,1.75
2016.07.22 18:34:33.544,0.73756,0.7378,1.75,1.50
2016.07.22 18:34:33.637,0.73756,0.7378,1.75,1.75
2016.07.22 18:34:33.738,0.73756,0.73776,1.75,1.00
2016.07.22 18:34:33.789,0.73755,0.73776,2.62,1.00
2016.07.22 18:34:33.945,0.73754,0.73776,2.62,1.37
2016.07.22 18:34:34.046,0.73752,0.73776,3.37,1.50
2016.07.22 18:34:34.293,0.73752,0.7377,3.37,1.00
2016.07.22 18:34:34.344,0.73753,0.7377,2.62,1.00
2016.07.22 18:34:34.395,0.73753,0.73775,2.62,1.00
2016.07.22 18:34:34.955,0.73753,0.73776,2.62,1.00
2016.07.22 18:34:36.530,0.73753,0.73775,2.62,1.00
2016.07.22 18:34:36.580,0.73751,0.73775,2.62,1.37
2016.07.22 18:34:36.751,0.73757,0.73775,1.00,1.00
2016.07.22 18:34:36.897,0.73757,0.7377,1.00,1.00
2016.07.22 18:34:37.497,0.73757,0.73775,1.00,1.00
2016.07.22 18:34:38.799,0.73757,0.73776,1.00,1.00
2016.07.22 18:34:39.779,0.73754,0.73776,2.62,1.00
2016.07.22 18:34:40.309,0.73755,0.73776,2.62,1.00
2016.07.22 18:34:40.922,0.73755,0.73775,2.62,1.00
2016.07.22 18:34:41.633,0.73755,0.73776,2.62,1.00
2016.07.22 18:34:42.908,0.73755,0.73775,2.62,1.00
2016.07.22 18:34:44.750,0.73755,0.73776,2.62,1.00
2016.07.22 18:34:44.852,0.73755,0.7378,2.62,1.75
2016.07.22 18:34:44.902,0.73756,0.7378,2.62,1.37
2016.07.22 18:34:44.953,0.73758,0.7378,2.62,1.12
2016.07.22 18:34:47.351,0.73762,0.7378,1.00,1.12
2016.07.22 18:34:47.401,0.73759,0.7378,2.62,1.00
2016.07.22 18:34:56.721,0.73759,0.73785,2.62,1.75
2016.07.22 18:34:59.324,0.73759,0.7378,2.62,1.00
2016.07.22 18:34:59.553,0.73759,0.73785,2.62,1.75
2016.07.22 18:35:02.327,0.73761,0.73785,1.75,1.75
2016.07.22 18:35:02.428,0.73761,0.73785,2.62,1.50
2016.07.22 18:35:02.479,0.73761,0.73789,2.62,2.62
2016.07.22 18:35:02.619,0.73761,0.73789,3.37,2.62
2016.07.22 18:35:02.689,0.73761,0.73785,3.37,1.50
2016.07.22 18:35:02.740,0.73761,0.7378,2.62,1.00
2016.07.22 18:35:03.288,0.7376,0.7378,2.62,1.00
2016.07.22 18:35:03.627,0.73756,0.7378,2.62,1.50
2016.07.22 18:35:03.678,0.73756,0.7378,3.37,1.50
2016.07.22 18:35:03.931,0.73758,0.7378,2.62,1.00
2016.07.22 18:35:04.093,0.73757,0.7378,3.37,1.50
2016.07.22 18:35:04.711,0.73763,0.7378,1.00,1.00
2016.07.22 18:35:04.812,0.73757,0.7378,3.37,1.12
2016.07.22 18:35:05.233,0.73757,0.73785,3.37,2.62
2016.07.22 18:35:05.452,0.73762,0.73785,1.30,2.62
2016.07.22 18:35:05.503,0.73763,0.73786,1.75,1.37
2016.07.22 18:35:05.604,0.73766,0.73786,2.62,1.00
2016.07.22 18:35:05.655,0.73766,0.7379,2.62,1.50
2016.07.22 18:35:05.908,0.73767,0.7379,2.62,1.12
2016.07.22 18:35:09.468,0.73767,0.7379,2.62,1.50
2016.07.22 18:35:10.039,0.73766,0.7379,2.62,1.50
2016.07.22 18:35:14.010,0.7377,0.7379,1.00,1.50
2016.07.22 18:35:14.118,0.73764,0.7379,3.37,1.75
2016.07.22 18:35:14.685,0.73764,0.73791,3.37,1.75
2016.07.22 18:35:15.104,0.73764,0.73791,2.62,1.75
2016.07.22 18:35:16.806,0.73764,0.73791,3.37,1.75
2016.07.22 18:35:18.148,0.73764,0.7379,3.37,1.75
2016.07.22 18:35:18.608,0.73766,0.7379,1.75,1.75
2016.07.22 18:35:18.709,0.7377,0.7379,1.00,1.50
2016.07.22 18:35:18.760,0.73767,0.7379,2.62,1.50
2016.07.22 18:35:18.919,0.73767,0.7379,2.62,1.12
2016.07.22 18:35:19.052,0.73764,0.73791,2.62,1.75
2016.07.22 18:35:19.103,0.73767,0.73792,2.62,2.25
2016.07.22 18:35:19.153,0.73769,0.73795,3.37,1.75
2016.07.22 18:35:19.255,0.73769,0.73795,2.62,1.75
2016.07.22 18:35:19.371,0.73769,0.73791,2.62,1.00
2016.07.22 18:35:19.623,0.73764,0.7379,2.62,1.75
2016.07.22 18:35:19.816,0.73765,0.7379,1.75,1.75
2016.07.22 18:35:19.867,0.73764,0.73786,2.62,1.00
2016.07.22 18:35:19.991,0.73764,0.7379,2.62,1.75
2016.07.22 18:35:22.011,0.73766,0.7379,1.75,1.75
2016.07.22 18:35:22.172,0.73769,0.7379,2.62,1.00
2016.07.22 18:35:25.979,0.73774,0.7379,1.12,1.00
2016.07.22 18:35:26.067,0.73782,0.73795,1.00,1.75
2016.07.22 18:35:26.259,0.73782,0.7379,1.00,1.00
2016.07.22 18:35:26.363,0.73769,0.7379,2.62,1.00
2016.07.22 18:35:26.414,0.73769,0.7379,2.62,1.37
2016.07.22 18:35:26.465,0.73765,0.7379,2.62,1.75
2016.07.22 18:35:26.515,0.73765,0.73787,2.62,1.00
2016.07.22 18:35:26.566,0.73764,0.7379,1.75,1.75
2016.07.22 18:35:29.231,0.73768,0.7379,1.00,1.50
2016.07.22 18:35:29.282,0.73765,0.7379,2.62,1.50
2016.07.22 18:35:30.032,0.73765,0.7379,2.62,1.75
2016.07.22 18:35:30.137,0.73763,0.7379,2.62,1.75
2016.07.22 18:35:30.641,0.73764,0.7379,1.35,1.75
2016.07.22 18:35:30.743,0.73765,0.7379,2.62,1.50
2016.07.22 18:35:30.844,0.73768,0.7379,1.35,1.50
2016.07.22 18:35:32.048,0.73768,0.73794,1.35,2.62
2016.07.22 18:35:32.149,0.73768,0.73795,1.35,3.37
2016.07.22 18:35:34.143,0.73768,0.7379,1.35,1.00
2016.07.22 18:35:35.844,0.73767,0.7379,2.62,1.00
2016.07.22 18:35:35.995,0.7377,0.7379,2.62,1.00
2016.07.22 18:35:36.556,0.7377,0.73795,2.62,3.60
2016.07.22 18:35:37.497,0.7377,0.73794,2.62,1.97
2016.07.22 18:35:37.548,0.7377,0.7379,2.62,1.00
2016.07.22 18:35:37.598,0.73767,0.7379,2.62,1.12
2016.07.22 18:35:37.700,0.73765,0.7379,2.62,1.75
2016.07.22 18:35:42.229,0.7377,0.7379,1.00,1.37
2016.07.22 18:35:42.280,0.73766,0.7379,2.62,1.12
2016.07.22 18:35:42.440,0.73766,0.7379,3.37,1.12
2016.07.22 18:35:43.176,0.73766,0.7379,2.62,1.12
2016.07.22 18:35:51.849,0.73766,0.73791,2.62,1.37
2016.07.22 18:35:51.963,0.73766,0.7379,2.62,1.12
2016.07.22 18:35:52.229,0.73766,0.7379,2.62,1.50
2016.07.22 18:35:52.330,0.73766,0.7379,2.62,1.75
2016.07.22 18:35:56.316,0.73766,0.7379,3.37,1.75
2016.07.22 18:35:56.367,0.73766,0.7379,5.25,1.37
2016.07.22 18:35:56.418,0.73767,0.7379,2.62,1.12
2016.07.22 18:35:56.519,0.73769,0.7379,2.62,1.00
2016.07.22 18:35:57.697,0.73768,0.7379,2.62,1.12
2016.07.22 18:36:00.431,0.7377,0.7379,2.62,1.00
2016.07.22 18:36:04.256,0.7377,0.73791,2.62,1.00
2016.07.22 18:36:04.306,0.73769,0.73791,2.62,1.12
2016.07.22 18:36:04.357,0.73769,0.7379,2.62,1.00
2016.07.22 18:36:04.693,0.73769,0.73791,2.62,1.12
2016.07.22 18:36:04.905,0.7377,0.73791,2.62,1.00
2016.07.22 18:36:05.791,0.7377,0.7379,2.62,1.00
2016.07.22 18:36:08.654,0.73769,0.7379,2.62,1.00
2016.07.22 18:36:09.160,0.7377,0.7379,2.62,1.00
2016.07.22 18:36:10.801,0.7377,0.73795,2.62,1.75
2016.07.22 18:36:11.536,0.73769,0.73795,2.62,1.75
2016.07.22 18:36:11.705,0.73769,0.7379,2.62,1.00
2016.07.22 18:36:11.963,0.73769,0.73795,2.62,1.75
2016.07.22 18:36:12.253,0.7377,0.73795,2.62,1.50
2016.07.22 18:36:23.177,0.7377,0.73796,2.62,2.10
2016.07.22 18:36:26.382,0.7377,0.7379,2.62,1.00
2016.07.22 18:36:26.689,0.7377,0.73795,2.62,1.50
2016.07.22 18:36:27.557,0.7377,0.73795,2.62,1.12
2016.07.22 18:36:27.709,0.7377,0.7379,2.62,1.00
2016.07.22 18:36:27.760,0.73773,0.7379,1.00,1.00
2016.07.22 18:36:27.811,0.73773,0.73793,1.00,1.00
2016.07.22 18:36:30.351,0.7377,0.73796,2.62,2.10
2016.07.22 18:36:30.502,0.73773,0.73793,1.00,1.00
2016.07.22 18:36:30.553,0.7377,0.73796,2.62,2.10
2016.07.22 18:36:30.653,0.73768,0.73796,5.25,2.10
2016.07.22 18:36:30.704,0.73773,0.73793,1.00,1.00
2016.07.22 18:36:30.903,0.7377,0.73796,2.62,2.10
2016.07.22 18:36:31.805,0.73769,0.73796,2.62,2.10
2016.07.22 18:36:32.006,0.73775,0.73795,1.00,1.00
2016.07.22 18:36:34.396,0.73775,0.73795,1.00,1.50
2016.07.22 18:36:34.723,0.73775,0.73795,1.00,1.00
2016.07.22 18:36:37.401,0.73775,0.73795,1.00,1.50
2016.07.22 18:36:39.690,0.73775,0.73795,1.00,1.00
2016.07.22 18:36:40.625,0.73775,0.73795,1.00,1.50
2016.07.22 18:36:40.817,0.73774,0.73796,2.62,1.00
2016.07.22 18:36:41.598,0.73774,0.73795,2.62,1.00
2016.07.22 18:36:42.080,0.73776,0.73795,1.00,1.00
2016.07.22 18:36:44.810,0.73776,0.73796,1.00,1.50
2016.07.22 18:36:46.248,0.73776,0.73795,1.00,1.00
2016.07.22 18:36:46.843,0.73776,0.73796,1.00,1.50
2016.07.22 18:36:49.785,0.73773,0.73796,2.62,1.12
2016.07.22 18:36:49.836,0.73777,0.73796,1.00,1.00
2016.07.22 18:36:50.659,0.73777,0.73795,1.00,1.00
2016.07.22 18:36:51.261,0.73782,0.73795,1.00,1.00
2016.07.22 18:36:55.823,0.73782,0.73796,1.00,1.00
2016.07.22 18:37:04.964,0.73782,0.73795,1.00,1.00
2016.07.22 18:37:09.054,0.73781,0.73795,1.00,1.00
2016.07.22 18:37:17.871,0.73773,0.73795,2.62,1.00
2016.07.22 18:37:18.299,0.73773,0.73795,2.62,1.37
2016.07.22 18:37:18.350,0.73771,0.7379,2.62,1.00
2016.07.22 18:37:18.451,0.73773,0.7379,1.00,1.00
2016.07.22 18:37:18.502,0.73768,0.7379,2.62,1.00
2016.07.22 18:37:18.553,0.73767,0.7379,2.62,1.12
2016.07.22 18:37:18.755,0.73773,0.7379,1.00,1.00
2016.07.22 18:37:18.805,0.73768,0.7379,2.62,1.00
2016.07.22 18:37:18.856,0.73772,0.7379,1.00,1.00
2016.07.22 18:37:19.028,0.73768,0.7379,2.62,1.00
2016.07.22 18:37:19.078,0.73773,0.7379,1.00,1.00
2016.07.22 18:37:19.129,0.73768,0.7379,2.62,1.00
2016.07.22 18:37:19.181,0.73768,0.7379,2.62,1.12
2016.07.22 18:37:20.281,0.73769,0.7379,2.62,1.00
2016.07.22 18:37:21.152,0.73768,0.7379,2.62,1.12
2016.07.22 18:37:24.452,0.73769,0.7379,2.62,1.00
2016.07.22 18:37:24.553,0.73773,0.73791,1.00,1.37
2016.07.22 18:37:24.603,0.73768,0.73791,2.62,1.50
2016.07.22 18:37:27.155,0.73768,0.7379,2.62,1.12
2016.07.22 18:37:31.259,0.73768,0.73791,2.62,1.50
2016.07.22 18:37:33.073,0.73769,0.7379,2.62,1.00
2016.07.22 18:37:33.174,0.73768,0.7379,2.62,1.12
2016.07.22 18:37:33.311,0.73769,0.7379,2.62,1.00
2016.07.22 18:37:33.412,0.73768,0.7379,2.62,1.12
2016.07.22 18:37:34.459,0.73773,0.7379,1.00,1.12
2016.07.22 18:37:34.509,0.73773,0.7379,1.00,1.00
2016.07.22 18:37:34.560,0.73768,0.7379,2.62,1.00
2016.07.22 18:37:34.611,0.73768,0.7379,2.62,1.12
2016.07.22 18:37:34.661,0.73773,0.7379,1.00,1.12
2016.07.22 18:37:34.712,0.73769,0.7379,2.62,1.00
2016.07.22 18:37:34.842,0.73768,0.7379,2.62,1.12
2016.07.22 18:37:39.232,0.73769,0.7379,2.62,1.12
2016.07.22 18:37:39.283,0.7377,0.73795,2.62,1.75
2016.07.22 18:37:39.344,0.73772,0.73795,3.37,1.37
2016.07.22 18:37:39.395,0.73773,0.73796,2.62,1.50
2016.07.22 18:37:39.497,0.73773,0.73795,2.62,1.12
2016.07.22 18:37:39.547,0.73773,0.73795,2.62,1.50
2016.07.22 18:37:39.598,0.73771,0.73795,2.62,1.75
2016.07.22 18:37:43.577,0.73772,0.73795,2.62,1.50
2016.07.22 18:37:43.627,0.73772,0.73795,2.62,1.12
2016.07.22 18:37:43.678,0.73771,0.73795,4.50,1.37
2016.07.22 18:37:43.729,0.73771,0.73795,2.62,1.50
2016.07.22 18:37:46.208,0.73771,0.73796,2.62,1.75
2016.07.22 18:37:48.077,0.73771,0.7379,2.62,1.00
2016.07.22 18:37:52.316,0.73771,0.73795,2.62,1.50
2016.07.22 18:37:54.290,0.73771,0.73796,2.62,1.75
2016.07.22 18:37:54.722,0.73771,0.73795,2.62,1.50
2016.07.22 18:37:55.209,0.73776,0.73795,1.00,1.00
2016.07.22 18:37:56.625,0.73774,0.73794,1.00,1.00
2016.07.22 18:37:56.726,0.73771,0.7379,1.12,1.50
2016.07.22 18:37:56.848,0.73772,0.7379,1.00,1.50
2016.07.22 18:37:56.898,0.73771,0.73795,2.25,1.75
2016.07.22 18:37:56.999,0.7377,0.73795,2.62,1.75
2016.07.22 18:37:57.302,0.7377,0.7379,2.62,1.00
2016.07.22 18:37:57.624,0.7377,0.73795,2.62,1.75
2016.07.22 18:37:58.188,0.7377,0.7379,2.62,1.00
2016.07.22 18:37:59.134,0.7377,0.73791,2.62,1.00
2016.07.22 18:37:59.684,0.73771,0.7379,2.62,1.00
2016.07.22 18:37:59.990,0.73772,0.73795,2.62,1.12
2016.07.22 18:38:00.092,0.73772,0.7379,2.62,1.00
2016.07.22 18:38:02.437,0.73772,0.73795,2.62,1.12
2016.07.22 18:38:02.538,0.73771,0.73795,2.62,1.37
2016.07.22 18:38:02.639,0.73772,0.73795,2.62,1.12
2016.07.22 18:38:02.740,0.73769,0.73795,3.37,1.50
2016.07.22 18:38:04.670,0.73769,0.73795,2.62,1.50
2016.07.22 18:38:05.010,0.73769,0.73795,2.62,1.75
2016.07.22 18:38:06.104,0.73769,0.7379,2.62,1.00
2016.07.22 18:38:07.344,0.73767,0.7379,3.37,1.12
2016.07.22 18:38:07.446,0.73767,0.73791,1.75,1.75
2016.07.22 18:38:07.496,0.73766,0.73791,2.62,1.75
2016.07.22 18:38:07.547,0.73765,0.7379,1.75,1.75
2016.07.22 18:38:07.597,0.73763,0.7379,2.62,1.75
2016.07.22 18:38:07.648,0.73763,0.73785,2.62,1.00
2016.07.22 18:38:08.435,0.73763,0.7379,2.62,1.75
2016.07.22 18:38:12.427,0.73763,0.73785,2.62,1.00
2016.07.22 18:38:12.730,0.73766,0.73791,2.62,1.50
2016.07.22 18:38:12.832,0.73769,0.73791,2.62,1.12
2016.07.22 18:38:13.047,0.73773,0.7379,1.37,1.00
2016.07.22 18:38:13.148,0.73776,0.73795,2.62,1.00
2016.07.22 18:38:13.350,0.73774,0.73795,2.62,1.00
2016.07.22 18:38:14.326,0.73775,0.73795,2.62,1.00
2016.07.22 18:38:14.528,0.73776,0.73801,2.62,1.75
2016.07.22 18:38:14.634,0.73777,0.73801,2.62,1.12
2016.07.22 18:38:14.743,0.73777,0.738,2.62,1.00
2016.07.22 18:38:15.413,0.7378,0.738,2.62,1.00
2016.07.22 18:38:15.514,0.7378,0.73803,2.62,1.67
2016.07.22 18:38:15.565,0.73777,0.73803,2.62,1.35
2016.07.22 18:38:15.615,0.73777,0.738,2.62,1.50
2016.07.22 18:38:15.666,0.73779,0.73799,1.00,1.00
2016.07.22 18:38:17.254,0.73777,0.738,2.62,1.12
2016.07.22 18:38:17.355,0.73777,0.73805,2.62,3.37
2016.07.22 18:38:17.607,0.73777,0.73805,3.37,3.37
2016.07.22 18:38:17.758,0.73777,0.73805,3.37,2.62
2016.07.22 18:38:18.209,0.73777,0.738,3.37,1.12
2016.07.22 18:38:19.811,0.73777,0.73805,3.37,3.37
2016.07.22 18:38:20.215,0.73777,0.73805,3.37,2.62
2016.07.22 18:38:21.746,0.73777,0.73805,3.37,3.37
2016.07.22 18:38:21.817,0.73782,0.73805,1.00,3.37
2016.07.22 18:38:21.868,0.73779,0.73805,2.62,1.75
2016.07.22 18:38:22.070,0.73779,0.73805,3.37,1.75
2016.07.22 18:38:22.958,0.7378,0.73805,2.62,1.50
2016.07.22 18:38:23.540,0.7378,0.73806,2.62,1.75
2016.07.22 18:38:23.894,0.7378,0.73806,3.37,1.75
2016.07.22 18:38:23.945,0.7378,0.73808,3.37,2.62
2016.07.22 18:38:23.996,0.73782,0.73808,1.75,2.62
2016.07.22 18:38:24.046,0.73785,0.73811,2.62,1.75
2016.07.22 18:38:24.520,0.73785,0.73805,2.62,1.00
2016.07.22 18:38:25.754,0.73791,0.73805,1.00,1.00
2016.07.22 18:38:31.646,0.73791,0.7381,1.00,1.00
2016.07.22 18:38:39.014,0.73791,0.73805,1.00,1.00
2016.07.22 18:38:40.615,0.73791,0.7381,1.00,1.00
2016.07.22 18:38:41.185,0.73787,0.7381,2.62,1.12
2016.07.22 18:38:58.026,0.73787,0.73811,2.62,1.50
2016.07.22 18:38:59.306,0.73787,0.7381,2.62,1.50
2016.07.22 18:38:59.357,0.7379,0.7381,1.00,1.50
2016.07.22 18:38:59.407,0.73784,0.7381,2.62,1.50
2016.07.22 18:38:59.458,0.73784,0.73805,2.62,1.00
2016.07.22 18:38:59.509,0.73784,0.73805,4.50,1.00
2016.07.22 18:38:59.559,0.73785,0.73805,2.62,1.00
2016.07.22 18:38:59.668,0.73785,0.7381,2.62,1.50
2016.07.22 18:39:15.515,0.7379,0.7381,1.50,1.50
2016.07.22 18:39:15.565,0.73797,0.7381,1.00,1.50
2016.07.22 18:39:19.524,0.7379,0.7381,1.05,1.50
2016.07.22 18:39:29.036,0.73792,0.7381,1.00,1.50
2016.07.22 18:39:41.180,0.73792,0.7381,1.12,1.50
2016.07.22 18:39:41.231,0.73792,0.7381,1.12,1.12
2016.07.22 18:39:42.910,0.73792,0.73811,1.12,1.37
2016.07.22 18:39:43.012,0.73792,0.73811,1.00,1.37
2016.07.22 18:39:43.062,0.73792,0.73811,1.00,1.75
2016.07.22 18:39:43.214,0.73792,0.73805,1.00,1.00
2016.07.22 18:39:43.479,0.73792,0.7381,1.00,1.75
2016.07.22 18:39:45.682,0.73791,0.73805,1.00,1.37
2016.07.22 18:39:45.733,0.73791,0.73805,1.00,1.50
2016.07.22 18:39:45.877,0.73791,0.73809,1.00,2.62
2016.07.22 18:39:46.226,0.73792,0.73805,1.00,1.50
2016.07.22 18:39:49.180,0.73792,0.73809,1.00,2.62
2016.07.22 18:39:51.275,0.73792,0.73805,1.00,1.50
2016.07.22 18:39:51.585,0.73792,0.73806,1.00,1.75
2016.07.22 18:39:52.600,0.73792,0.73809,1.00,2.62
2016.07.22 18:39:52.985,0.73792,0.73805,1.00,1.50
2016.07.22 18:39:59.592,0.73792,0.73809,1.00,2.62
2016.07.22 18:40:00.802,0.73791,0.73809,1.00,2.62
2016.07.22 18:40:03.093,0.73791,0.73805,1.00,1.50
2016.07.22 18:40:04.795,0.73791,0.73809,1.00,2.62
2016.07.22 18:40:12.249,0.73792,0.7381,1.00,1.75
2016.07.22 18:40:13.636,0.73792,0.7381,1.00,1.50
2016.07.22 18:40:13.841,0.73792,0.7381,1.00,1.00
2016.07.22 18:40:14.104,0.73792,0.7381,1.00,1.50
2016.07.22 18:40:16.316,0.73792,0.7381,1.00,1.00
2016.07.22 18:40:17.258,0.73792,0.73813,1.50,1.35
2016.07.22 18:40:18.109,0.73792,0.7381,1.50,1.00
2016.07.22 18:40:20.330,0.73792,0.73813,1.50,1.35
2016.07.22 18:40:21.512,0.73792,0.7381,1.50,1.00
2016.07.22 18:40:27.753,0.73792,0.73811,1.50,1.12
2016.07.22 18:40:27.956,0.73792,0.7381,1.50,1.00
2016.07.22 18:40:34.864,0.73792,0.7381,1.12,1.12
2016.07.22 18:40:39.167,0.73792,0.73811,1.12,1.37
2016.07.22 18:40:39.268,0.73792,0.7381,1.12,1.12
2016.07.22 18:40:43.370,0.73792,0.73806,1.12,1.00
2016.07.22 18:40:43.471,0.73792,0.73811,1.12,1.37
2016.07.22 18:40:44.281,0.73792,0.73805,1.12,1.00
2016.07.22 18:40:44.798,0.73792,0.73806,1.12,1.00
2016.07.22 18:40:45.332,0.73792,0.73805,1.12,1.00
2016.07.22 18:40:47.039,0.73792,0.7381,1.12,1.12
2016.07.22 18:40:48.344,0.73792,0.73811,1.12,1.37
2016.07.22 18:40:49.242,0.73792,0.7381,1.12,1.12
2016.07.22 18:40:54.475,0.73792,0.7381,1.00,1.37
2016.07.22 18:40:54.526,0.73792,0.7381,1.00,1.75
2016.07.22 18:40:58.593,0.73792,0.73806,1.00,1.00
2016.07.22 18:40:59.345,0.73792,0.73805,1.00,1.00
2016.07.22 18:41:00.006,0.73791,0.73806,1.00,1.00
2016.07.22 18:41:00.875,0.73791,0.73805,1.00,1.00
2016.07.22 18:41:01.536,0.73792,0.73805,1.00,1.00
2016.07.22 18:41:04.398,0.73792,0.73806,1.00,1.00
2016.07.22 18:41:04.449,0.73792,0.73806,1.00,1.12
2016.07.22 18:41:04.542,0.73792,0.73805,1.00,1.00
2016.07.22 18:41:04.593,0.73792,0.73805,1.00,1.12
2016.07.22 18:41:04.644,0.73792,0.73805,1.00,1.00
2016.07.22 18:41:04.695,0.73792,0.73805,1.00,1.12
2016.07.22 18:41:05.285,0.73792,0.73806,1.00,1.37
2016.07.22 18:41:05.595,0.73792,0.73806,1.00,1.00
2016.07.22 18:41:06.787,0.73792,0.73808,1.00,1.00
2016.07.22 18:41:06.837,0.73792,0.7381,1.00,1.37
2016.07.22 18:41:06.980,0.73792,0.7381,1.00,1.00
2016.07.22 18:41:07.289,0.73792,0.73811,1.00,1.50
2016.07.22 18:41:08.691,0.73792,0.7381,1.00,1.00
2016.07.22 18:41:10.136,0.73791,0.7381,1.50,1.00
2016.07.22 18:41:10.186,0.73791,0.73805,1.50,1.00
2016.07.22 18:41:10.237,0.73792,0.73805,1.00,1.00
2016.07.22 18:41:10.338,0.73792,0.73805,1.00,1.12
2016.07.22 18:41:22.375,0.73783,0.73805,2.62,1.12
2016.07.22 18:41:22.500,0.73783,0.738,2.62,1.00
2016.07.22 18:41:25.408,0.73783,0.73806,2.62,1.37
2016.07.22 18:41:29.822,0.73783,0.73806,2.62,1.50
2016.07.22 18:41:30.509,0.73782,0.73806,2.62,1.50
2016.07.22 18:41:37.522,0.73782,0.738,2.62,1.00
2016.07.22 18:41:43.592,0.73782,0.73805,2.62,1.37
2016.07.22 18:41:43.792,0.73782,0.738,2.62,1.00
2016.07.22 18:41:49.759,0.73781,0.738,2.62,1.00
2016.07.22 18:41:53.400,0.73781,0.73801,2.62,1.00
2016.07.22 18:42:04.650,0.73781,0.73805,2.62,1.50
2016.07.22 18:42:04.812,0.73781,0.738,2.62,1.00
2016.07.22 18:42:05.019,0.73781,0.73805,2.62,1.50
2016.07.22 18:42:05.210,0.73781,0.738,2.62,1.00
2016.07.22 18:42:09.776,0.73786,0.738,1.00,1.00
2016.07.22 18:42:09.827,0.73781,0.738,2.62,1.00
2016.07.22 18:42:16.350,0.73781,0.73801,2.62,1.00
2016.07.22 18:42:17.120,0.73781,0.738,2.62,1.00
2016.07.22 18:42:17.719,0.7378,0.738,2.62,1.00
2016.07.22 18:42:41.092,0.73785,0.738,1.00,1.00
2016.07.22 18:42:41.143,0.73781,0.738,2.62,1.00
2016.07.22 18:42:45.347,0.73781,0.73804,2.62,1.30
2016.07.22 18:42:45.483,0.73781,0.73801,2.62,1.00
2016.07.22 18:42:45.957,0.73781,0.73804,2.62,1.30
2016.07.22 18:42:46.549,0.73781,0.738,2.62,1.00
2016.07.22 18:42:56.134,0.73781,0.73801,2.62,1.00
2016.07.22 18:43:04.463,0.73781,0.738,2.62,1.00
2016.07.22 18:43:05.625,0.73781,0.73805,2.62,1.50
2016.07.22 18:43:06.238,0.73781,0.73805,2.62,1.75
2016.07.22 18:43:06.336,0.73783,0.73803,1.00,1.00
2016.07.22 18:43:14.070,0.73783,0.738,1.00,1.00
2016.07.22 18:43:16.338,0.73783,0.73803,1.00,1.00
2016.07.22 18:43:16.535,0.73783,0.738,1.00,1.00
2016.07.22 18:43:18.538,0.73783,0.73803,1.00,1.00
2016.07.22 18:43:20.740,0.73783,0.73801,1.00,1.00
2016.07.22 18:43:23.743,0.73783,0.738,1.00,1.00
2016.07.22 18:43:24.234,0.73783,0.73803,1.00,1.00
2016.07.22 18:43:24.661,0.73783,0.738,1.00,1.00
2016.07.22 18:43:26.246,0.73783,0.73803,1.00,1.00
2016.07.22 18:43:29.148,0.73783,0.73801,1.00,1.00
2016.07.22 18:43:29.739,0.73779,0.73801,2.62,1.00
2016.07.22 18:43:30.149,0.7378,0.73805,2.62,1.75
2016.07.22 18:43:36.755,0.7378,0.738,2.62,1.00
2016.07.22 18:43:39.534,0.73779,0.738,2.62,1.00
2016.07.22 18:43:40.434,0.7378,0.738,2.62,1.00
2016.07.22 18:43:41.261,0.7378,0.73801,2.62,1.00
2016.07.22 18:43:44.401,0.7378,0.73804,2.62,1.67
2016.07.22 18:43:50.997,0.7378,0.738,2.62,1.00
2016.07.22 18:43:51.670,0.7378,0.73804,2.62,1.67
2016.07.22 18:43:53.954,0.73781,0.73805,2.62,1.72
2016.07.22 18:43:55.299,0.73781,0.738,2.62,1.00
2016.07.22 18:43:59.723,0.73781,0.73801,2.62,1.00
2016.07.22 18:44:00.380,0.73781,0.738,2.62,1.00
2016.07.22 18:44:03.129,0.73781,0.73801,2.62,1.00
2016.07.22 18:44:03.791,0.73781,0.738,2.62,1.00
2016.07.22 18:44:04.288,0.7378,0.738,4.50,1.00
2016.07.22 18:44:04.339,0.7378,0.738,2.62,1.00
2016.07.22 18:44:04.491,0.73779,0.738,2.62,1.37
2016.07.22 18:44:04.541,0.73776,0.738,2.62,1.50
2016.07.22 18:44:04.592,0.73776,0.73795,2.62,1.00
2016.07.22 18:44:05.185,0.73776,0.738,2.62,1.50
2016.07.22 18:44:17.821,0.73776,0.73795,2.62,1.00
2016.07.22 18:44:19.108,0.73776,0.738,2.62,1.50
2016.07.22 18:44:19.307,0.73776,0.73795,2.62,1.00
2016.07.22 18:44:20.199,0.73776,0.738,2.62,1.50
2016.07.22 18:44:21.101,0.7378,0.738,1.00,1.50
2016.07.22 18:44:21.152,0.73775,0.738,2.62,1.75
2016.07.22 18:44:27.559,0.73775,0.738,3.37,1.75
2016.07.22 18:44:27.609,0.73777,0.738,2.62,1.12
2016.07.22 18:44:28.219,0.73777,0.73801,2.62,1.37
2016.07.22 18:44:37.921,0.73778,0.73801,2.62,1.00
2016.07.22 18:44:44.768,0.73778,0.738,2.62,1.00
2016.07.22 18:44:49.927,0.73778,0.73801,2.62,1.00
2016.07.22 18:44:51.966,0.73778,0.738,2.62,1.00
2016.07.22 18:44:58.836,0.73778,0.73801,2.62,1.00
2016.07.22 18:44:59.637,0.73778,0.738,2.62,1.00
2016.07.22 18:45:01.154,0.73778,0.73801,2.62,1.12
2016.07.22 18:45:01.839,0.73778,0.738,2.62,1.00
2016.07.22 18:45:09.846,0.73778,0.73795,2.62,1.00
2016.07.22 18:45:12.548,0.73778,0.738,2.62,1.00
2016.07.22 18:45:12.649,0.73778,0.73801,2.62,1.12
2016.07.22 18:45:18.199,0.73779,0.73801,2.62,1.12
2016.07.22 18:45:20.656,0.73779,0.738,2.62,1.00
2016.07.22 18:45:20.950,0.73781,0.738,2.62,1.00
2016.07.22 18:45:23.062,0.73781,0.73805,2.62,1.72
2016.07.22 18:45:24.361,0.73781,0.73806,2.62,2.10
2016.07.22 18:45:26.162,0.73781,0.73805,2.62,1.72
2016.07.22 18:45:26.463,0.73781,0.73806,2.62,2.10
2016.07.22 18:45:27.564,0.73781,0.738,2.62,1.00
2016.07.22 18:45:27.901,0.73781,0.73805,2.62,1.72
2016.07.22 18:45:29.466,0.73781,0.738,2.62,1.00
2016.07.22 18:45:30.570,0.73781,0.73801,2.62,1.00
2016.07.22 18:45:31.177,0.73781,0.738,2.62,1.00
2016.07.22 18:45:32.878,0.73779,0.73795,2.62,1.00
2016.07.22 18:45:32.993,0.73777,0.73795,2.62,1.00
2016.07.22 18:45:33.132,0.73776,0.73795,3.37,1.00
2016.07.22 18:45:39.732,0.73776,0.73795,2.62,1.00
2016.07.22 18:45:45.983,0.73776,0.73796,2.62,1.00
2016.07.22 18:45:47.084,0.73776,0.73795,2.62,1.00
2016.07.22 18:45:47.980,0.73776,0.73795,2.62,1.35
2016.07.22 18:45:48.031,0.73776,0.73795,2.25,1.72
2016.07.22 18:45:48.132,0.73771,0.7379,3.37,1.00
2016.07.22 18:45:49.124,0.73771,0.7379,2.62,1.00
