2016.03.17 06:00:00.712,0.74265,0.74288,1.00,1.75
2016.03.17 06:00:03.863,0.74265,0.74288,1.00,1.75
2016.03.17 06:00:05.386,0.74265,0.74289,1.50,1.75
2016.03.17 06:00:06.606,0.74265,0.74292,1.75,1.75
2016.03.17 06:00:06.973,0.7427,0.74292,1.00,1.75
2016.03.17 06:00:07.141,0.74265,0.74289,1.50,1.75
2016.03.17 06:00:10.746,0.74265,0.74287,1.37,1.75
2016.03.17 06:00:10.847,0.74255,0.74283,3.75,1.12
2016.03.17 06:00:10.898,0.74255,0.74283,1.75,1.50
2016.03.17 06:00:11.107,0.74255,0.74281,1.50,1.75
2016.03.17 06:00:11.208,0.74255,0.74277,1.50,1.00
2016.03.17 06:00:11.800,0.74255,0.74278,1.50,1.00
2016.03.17 06:00:11.851,0.74255,0.74279,1.12,1.75
2016.03.17 06:00:12.460,0.74255,0.74278,1.00,1.75
2016.03.17 06:00:15.919,0.7425,0.74274,1.75,1.00
2016.03.17 06:00:17.293,0.7425,0.74274,1.75,1.37
2016.03.17 06:00:17.799,0.7425,0.74274,1.75,1.50
2016.03.17 06:00:18.908,0.74255,0.74276,1.00,1.75
2016.03.17 06:00:19.192,0.74249,0.74278,1.75,1.75
2016.03.17 06:00:32.023,0.74249,0.74277,1.75,1.75
2016.03.17 06:00:32.693,0.74249,0.74277,1.75,1.75
2016.03.17 06:00:33.337,0.74247,0.74278,1.75,1.75
2016.03.17 06:00:33.388,0.74248,0.74271,1.00,1.00
2016.03.17 06:00:33.438,0.74244,0.74271,1.75,1.50
2016.03.17 06:00:33.977,0.74249,0.74272,1.50,1.00
2016.03.17 06:00:34.078,0.74249,0.74273,1.75,1.12
2016.03.17 06:00:36.144,0.74254,0.74276,1.37,1.50
2016.03.17 06:00:36.195,0.74254,0.74276,1.75,1.12
2016.03.17 06:00:41.757,0.74255,0.74279,1.75,1.50
2016.03.17 06:00:41.860,0.74255,0.74279,1.75,1.00
2016.03.17 06:00:42.595,0.74255,0.74282,1.75,1.50
2016.03.17 06:00:44.872,0.74255,0.74281,1.50,1.75
2016.03.17 06:00:46.473,0.74259,0.74281,1.75,1.00
2016.03.17 06:00:46.624,0.74267,0.74289,1.00,1.00
2016.03.17 06:00:46.675,0.74265,0.74287,1.00,1.00
2016.03.17 06:00:47.023,0.7427,0.74287,1.00,1.00
2016.03.17 06:00:47.134,0.74265,0.74287,1.50,1.00
2016.03.17 06:00:48.286,0.74265,0.7429,1.50,1.75
2016.03.17 06:00:48.925,0.74265,0.7429,1.75,1.75
2016.03.17 06:00:50.208,0.7426,0.7429,1.75,1.75
2016.03.17 06:00:50.309,0.7426,0.74288,1.75,1.75
2016.03.17 06:01:10.634,0.74259,0.74288,1.75,1.75
2016.03.17 06:01:11.242,0.74265,0.7429,1.00,1.75
2016.03.17 06:01:12.459,0.7426,0.7429,1.75,1.75
2016.03.17 06:01:16.569,0.74265,0.7429,1.00,1.75
2016.03.17 06:01:22.331,0.74265,0.74285,1.00,1.75
2016.03.17 06:01:22.382,0.7426,0.74285,1.75,1.75
2016.03.17 06:01:22.533,0.7426,0.74287,1.75,1.75
2016.03.17 06:01:23.181,0.74265,0.74289,1.00,1.75
2016.03.17 06:01:23.696,0.7426,0.74289,1.75,1.75
2016.03.17 06:01:24.055,0.74266,0.74289,1.00,1.50
2016.03.17 06:01:24.257,0.74265,0.7429,1.75,1.12
2016.03.17 06:01:27.421,0.74269,0.74293,1.37,1.50
2016.03.17 06:01:27.472,0.74271,0.74293,1.00,1.50
2016.03.17 06:01:27.573,0.74275,0.74293,1.00,1.00
2016.03.17 06:01:27.673,0.74275,0.74297,1.50,1.00
2016.03.17 06:01:27.815,0.74275,0.74299,1.75,1.37
2016.03.17 06:01:29.870,0.74274,0.74299,1.50,1.75
2016.03.17 06:01:30.021,0.74272,0.74295,1.00,1.00
2016.03.17 06:01:30.122,0.74274,0.74295,1.00,1.00
2016.03.17 06:01:30.641,0.74275,0.74295,1.00,1.00
2016.03.17 06:01:30.742,0.74275,0.743,1.75,1.75
2016.03.17 06:01:30.793,0.7428,0.743,1.00,1.75
2016.03.17 06:01:30.843,0.7428,0.74303,1.00,1.75
2016.03.17 06:01:30.944,0.7428,0.74303,1.50,1.50
2016.03.17 06:01:31.045,0.74282,0.74305,1.00,1.00
2016.03.17 06:01:31.146,0.7428,0.74307,1.75,1.50
2016.03.17 06:01:31.449,0.7428,0.7431,3.75,1.12
2016.03.17 06:01:31.952,0.7428,0.74309,3.00,1.00
2016.03.17 06:01:32.487,0.7428,0.7431,3.00,1.12
2016.03.17 06:01:33.159,0.74285,0.74311,1.75,1.00
2016.03.17 06:01:33.361,0.7429,0.74315,1.75,1.12
2016.03.17 06:01:34.771,0.74285,0.74314,1.75,1.00
2016.03.17 06:01:35.994,0.74285,0.74315,1.75,1.12
2016.03.17 06:01:38.952,0.7429,0.74315,1.75,1.12
2016.03.17 06:01:39.003,0.7429,0.74315,1.75,1.12
2016.03.17 06:01:39.167,0.7429,0.74315,1.75,1.50
2016.03.17 06:01:41.362,0.74285,0.74315,3.00,1.00
2016.03.17 06:01:41.577,0.74293,0.7432,1.00,1.00
2016.03.17 06:01:42.320,0.74293,0.7432,1.00,1.60
2016.03.17 06:01:42.371,0.74289,0.74318,2.25,1.12
2016.03.17 06:01:42.422,0.74288,0.74315,1.75,1.00
2016.03.17 06:01:42.472,0.74288,0.74314,1.12,1.00
2016.03.17 06:01:42.573,0.74288,0.74314,1.75,1.75
2016.03.17 06:01:52.056,0.74285,0.74313,1.75,1.00
2016.03.17 06:01:55.245,0.74285,0.74312,2.25,1.00
2016.03.17 06:01:57.210,0.7429,0.74314,1.75,1.50
2016.03.17 06:01:58.621,0.74295,0.74315,1.00,1.75
2016.03.17 06:02:00.333,0.7429,0.74319,1.35,1.75
2016.03.17 06:02:00.660,0.74295,0.74319,1.00,1.75
2016.03.17 06:02:00.812,0.7429,0.74317,2.10,1.75
2016.03.17 06:02:02.090,0.74295,0.74317,1.00,1.75
2016.03.17 06:02:03.520,0.7429,0.74317,2.10,1.75
2016.03.17 06:02:24.569,0.74292,0.74313,2.10,1.12
2016.03.17 06:02:24.671,0.74294,0.74315,1.67,1.00
2016.03.17 06:02:24.721,0.74295,0.7432,1.35,1.37
2016.03.17 06:02:24.772,0.74297,0.7432,1.35,1.00
2016.03.17 06:02:24.823,0.74297,0.74322,1.35,1.00
2016.03.17 06:02:25.349,0.74295,0.74323,1.75,1.12
2016.03.17 06:02:26.060,0.74295,0.74319,2.25,1.00
2016.03.17 06:02:26.261,0.74292,0.74318,1.75,1.00
2016.03.17 06:02:26.362,0.74294,0.74321,1.35,1.37
2016.03.17 06:02:27.365,0.74292,0.74319,2.10,1.00
2016.03.17 06:02:27.910,0.74292,0.7432,2.10,1.12
2016.03.17 06:02:30.735,0.74295,0.74323,2.10,1.37
2016.03.17 06:02:30.785,0.74295,0.74323,2.10,1.12
2016.03.17 06:02:34.389,0.74295,0.74322,1.35,1.00
2016.03.17 06:02:35.385,0.74303,0.74327,1.00,1.75
2016.03.17 06:02:36.370,0.74301,0.74323,1.50,1.12
2016.03.17 06:02:44.047,0.74298,0.74325,1.75,1.37
2016.03.17 06:02:44.201,0.74298,0.74325,1.75,1.12
2016.03.17 06:02:52.975,0.74305,0.7433,1.37,1.75
2016.03.17 06:02:53.026,0.74306,0.74329,1.00,1.00
2016.03.17 06:02:53.201,0.74305,0.74332,2.25,1.75
2016.03.17 06:02:53.504,0.74305,0.74336,2.25,1.75
2016.03.17 06:03:00.061,0.74305,0.74332,1.75,1.00
2016.03.17 06:03:00.112,0.74309,0.74332,1.00,1.50
2016.03.17 06:03:00.213,0.74305,0.74331,1.75,1.75
2016.03.17 06:03:00.606,0.743,0.74327,1.75,1.37
2016.03.17 06:03:02.760,0.74305,0.74326,2.10,1.00
2016.03.17 06:03:02.911,0.7431,0.74333,1.75,1.12
2016.03.17 06:03:03.213,0.74311,0.74332,1.00,1.50
2016.03.17 06:03:03.516,0.74305,0.74329,1.50,1.75
2016.03.17 06:03:03.674,0.74305,0.74325,1.50,1.00
2016.03.17 06:03:04.198,0.74305,0.74324,1.00,1.00
2016.03.17 06:03:04.743,0.74299,0.74324,2.25,1.00
2016.03.17 06:03:05.365,0.74305,0.74324,1.00,1.00
2016.03.17 06:03:08.118,0.74299,0.74324,2.25,1.00
2016.03.17 06:03:08.837,0.74299,0.74321,2.25,1.00
2016.03.17 06:03:08.938,0.743,0.74321,1.37,1.00
2016.03.17 06:03:09.441,0.743,0.74324,1.37,1.50
2016.03.17 06:03:14.811,0.743,0.74323,1.37,1.75
2016.03.17 06:03:15.344,0.743,0.7432,1.00,1.50
2016.03.17 06:03:16.142,0.74295,0.7432,2.25,1.50
2016.03.17 06:03:18.729,0.74294,0.74318,2.25,1.00
2016.03.17 06:03:18.880,0.74295,0.74317,1.50,1.12
2016.03.17 06:03:19.097,0.74291,0.74317,1.75,1.75
2016.03.17 06:03:20.467,0.74295,0.74321,1.00,1.75
2016.03.17 06:03:20.568,0.74294,0.74321,1.50,1.75
2016.03.17 06:03:20.776,0.743,0.7432,1.00,1.75
2016.03.17 06:03:20.877,0.743,0.7432,1.00,1.00
2016.03.17 06:03:21.429,0.743,0.74321,1.00,1.00
2016.03.17 06:03:23.180,0.74299,0.74321,1.00,1.00
2016.03.17 06:03:23.733,0.743,0.74321,1.00,1.50
2016.03.17 06:03:23.884,0.74298,0.74321,1.00,1.50
2016.03.17 06:03:23.935,0.74295,0.74318,1.75,1.00
2016.03.17 06:03:23.985,0.74296,0.74318,1.00,1.00
2016.03.17 06:03:25.292,0.743,0.74318,1.00,1.00
2016.03.17 06:03:25.507,0.74295,0.74318,1.12,1.75
2016.03.17 06:03:28.289,0.74291,0.74315,1.75,1.00
2016.03.17 06:03:28.819,0.7429,0.74314,1.75,1.00
2016.03.17 06:03:30.316,0.7429,0.74316,2.25,1.12
2016.03.17 06:03:32.519,0.74294,0.74316,2.25,1.00
2016.03.17 06:03:32.619,0.743,0.74319,1.00,1.12
2016.03.17 06:03:32.771,0.74296,0.74322,1.50,1.75
2016.03.17 06:03:33.142,0.743,0.74322,1.00,1.75
2016.03.17 06:03:34.859,0.74295,0.74322,2.25,1.75
2016.03.17 06:03:35.129,0.743,0.74322,1.00,1.12
2016.03.17 06:03:35.432,0.743,0.74322,1.75,1.00
2016.03.17 06:03:35.483,0.743,0.74325,1.75,1.50
2016.03.17 06:03:36.619,0.74305,0.74326,1.00,1.75
2016.03.17 06:03:41.458,0.74301,0.74325,1.75,1.50
2016.03.17 06:03:43.449,0.743,0.74326,1.12,1.75
2016.03.17 06:03:44.041,0.743,0.74322,1.00,1.75
2016.03.17 06:03:45.015,0.74299,0.74322,1.12,1.75
2016.03.17 06:03:45.680,0.743,0.74322,1.00,1.75
2016.03.17 06:03:46.188,0.74299,0.74322,1.12,1.75
2016.03.17 06:03:47.618,0.743,0.74322,1.00,1.75
2016.03.17 06:03:48.161,0.743,0.74318,1.00,1.00
2016.03.17 06:03:48.312,0.74295,0.74317,1.87,1.50
2016.03.17 06:04:04.024,0.74293,0.74318,1.75,1.50
2016.03.17 06:04:06.176,0.74293,0.74318,1.75,1.37
2016.03.17 06:04:06.348,0.74294,0.74321,2.25,1.75
2016.03.17 06:04:06.793,0.74296,0.74322,1.75,1.50
2016.03.17 06:04:07.109,0.743,0.74325,1.75,1.75
2016.03.17 06:04:07.412,0.743,0.74325,1.75,1.00
2016.03.17 06:04:09.883,0.74301,0.74326,1.75,1.12
2016.03.17 06:04:11.220,0.74305,0.74331,1.75,1.75
2016.03.17 06:04:11.321,0.74309,0.74331,1.00,1.00
2016.03.17 06:04:11.522,0.7431,0.74333,1.75,1.00
2016.03.17 06:04:12.033,0.7431,0.74333,1.50,1.50
2016.03.17 06:04:12.444,0.7431,0.74334,1.75,1.00
2016.03.17 06:04:15.196,0.7431,0.74335,1.75,1.12
2016.03.17 06:04:20.203,0.7431,0.74335,1.75,1.12
2016.03.17 06:04:20.438,0.74314,0.74337,1.75,1.12
2016.03.17 06:04:22.453,0.74317,0.74338,1.50,1.00
2016.03.17 06:04:22.554,0.74318,0.74344,1.75,2.25
2016.03.17 06:04:22.655,0.7432,0.74344,1.75,1.00
2016.03.17 06:04:23.216,0.7432,0.74345,1.75,1.00
2016.03.17 06:04:27.724,0.74321,0.74346,1.75,1.12
2016.03.17 06:04:28.027,0.74327,0.74355,1.75,2.25
2016.03.17 06:04:28.360,0.7434,0.74362,1.12,1.00
2016.03.17 06:04:28.612,0.74338,0.74365,1.75,1.50
2016.03.17 06:04:28.928,0.74338,0.74363,1.12,1.00
2016.03.17 06:04:29.339,0.74333,0.7436,1.50,1.00
2016.03.17 06:04:29.444,0.74332,0.74355,1.37,1.00
2016.03.17 06:04:30.084,0.74329,0.74355,1.75,1.00
2016.03.17 06:04:30.599,0.74329,0.74355,1.50,1.00
2016.03.17 06:04:33.765,0.74325,0.7435,2.25,1.00
2016.03.17 06:04:33.970,0.74317,0.74345,1.75,1.50
2016.03.17 06:04:34.071,0.74315,0.74344,1.75,1.00
2016.03.17 06:04:34.172,0.74317,0.74344,1.00,1.00
2016.03.17 06:04:34.848,0.74317,0.74343,1.00,1.00
2016.03.17 06:04:37.051,0.74317,0.74342,1.00,1.00
2016.03.17 06:04:40.748,0.74319,0.74342,1.00,1.00
2016.03.17 06:04:41.191,0.74324,0.74342,1.00,1.00
2016.03.17 06:04:41.242,0.74324,0.74344,1.00,1.00
2016.03.17 06:04:42.220,0.74324,0.74345,1.00,1.00
2016.03.17 06:04:42.321,0.74325,0.74348,1.00,1.00
2016.03.17 06:04:42.422,0.74329,0.74351,1.00,1.37
2016.03.17 06:04:42.473,0.74329,0.74351,1.00,1.00
2016.03.17 06:04:45.727,0.74329,0.74352,1.00,1.00
2016.03.17 06:04:45.983,0.74329,0.7435,1.00,1.00
2016.03.17 06:04:46.754,0.74329,0.74351,1.00,1.00
2016.03.17 06:04:46.805,0.74325,0.74351,1.50,1.00
2016.03.17 06:04:46.956,0.74325,0.74353,1.50,1.00
2016.03.17 06:04:47.007,0.74325,0.74353,1.50,1.00
2016.03.17 06:04:47.057,0.74325,0.74355,2.25,1.50
2016.03.17 06:04:47.725,0.7433,0.74353,1.00,1.00
2016.03.17 06:04:48.378,0.7433,0.74355,1.00,1.00
2016.03.17 06:04:48.579,0.74335,0.74355,1.00,1.00
2016.03.17 06:04:49.062,0.74335,0.74358,1.00,1.37
2016.03.17 06:04:49.577,0.74335,0.74358,1.00,1.00
2016.03.17 06:04:49.628,0.74335,0.7436,1.00,1.12
2016.03.17 06:04:50.030,0.7434,0.7436,1.00,1.00
2016.03.17 06:04:50.168,0.7434,0.74363,1.00,1.12
2016.03.17 06:04:50.369,0.7434,0.74361,1.00,1.00
2016.03.17 06:04:50.715,0.74335,0.74361,1.37,1.87
2016.03.17 06:04:50.816,0.7434,0.74359,1.00,1.00
2016.03.17 06:04:50.917,0.7434,0.74362,1.00,1.00
2016.03.17 06:04:51.219,0.7434,0.74361,1.00,1.37
2016.03.17 06:04:51.370,0.74335,0.74359,1.00,1.12
2016.03.17 06:04:51.421,0.74335,0.74359,1.37,1.37
2016.03.17 06:04:51.760,0.74335,0.74357,1.00,1.50
2016.03.17 06:04:52.280,0.7433,0.74357,1.75,1.50
2016.03.17 06:04:53.528,0.74335,0.74357,1.00,1.50
2016.03.17 06:04:53.737,0.74335,0.74357,1.37,1.50
2016.03.17 06:04:54.265,0.74335,0.74356,1.37,1.00
2016.03.17 06:04:55.957,0.74335,0.74358,1.37,1.37
2016.03.17 06:04:59.229,0.74334,0.74357,1.00,1.87
2016.03.17 06:04:59.531,0.74325,0.7435,1.75,1.00
2016.03.17 06:05:01.915,0.74324,0.7435,1.75,1.37
2016.03.17 06:05:02.016,0.74324,0.74349,1.50,1.75
2016.03.17 06:05:02.418,0.7432,0.74345,1.75,1.37
2016.03.17 06:05:02.565,0.74315,0.74345,1.75,2.25
2016.03.17 06:05:03.344,0.74315,0.74342,1.75,1.37
2016.03.17 06:05:03.495,0.74315,0.74338,1.50,1.50
2016.03.17 06:05:03.761,0.74315,0.74337,1.12,1.37
2016.03.17 06:05:04.013,0.74315,0.74338,1.75,1.12
2016.03.17 06:05:04.064,0.74315,0.74338,1.75,1.00
2016.03.17 06:05:04.165,0.74315,0.74343,1.75,1.75
2016.03.17 06:05:07.502,0.74315,0.74342,1.75,1.37
2016.03.17 06:05:08.053,0.74315,0.74341,1.75,1.00
2016.03.17 06:05:08.557,0.74319,0.74343,1.75,1.00
2016.03.17 06:05:09.316,0.7432,0.74343,1.75,1.00
2016.03.17 06:05:10.671,0.74324,0.74344,1.00,1.00
2016.03.17 06:05:11.279,0.7432,0.74344,1.75,1.12
2016.03.17 06:05:12.836,0.7432,0.74343,1.75,1.00
2016.03.17 06:05:13.442,0.7432,0.74343,1.75,1.00
2016.03.17 06:05:13.749,0.7432,0.74343,1.50,1.37
2016.03.17 06:05:14.238,0.7432,0.74344,1.75,1.12
2016.03.17 06:05:14.809,0.74319,0.74344,1.75,1.12
2016.03.17 06:05:14.910,0.7432,0.74346,1.75,1.12
2016.03.17 06:05:15.740,0.7432,0.74345,1.75,1.00
2016.03.17 06:05:17.347,0.7432,0.74342,1.75,1.00
2016.03.17 06:05:17.449,0.7432,0.74342,1.75,1.00
2016.03.17 06:05:17.650,0.74319,0.74342,1.50,1.37
2016.03.17 06:05:18.249,0.74319,0.74343,1.75,1.12
2016.03.17 06:05:18.530,0.7432,0.74346,1.75,1.50
2016.03.17 06:05:19.157,0.74325,0.74347,1.00,1.75
2016.03.17 06:05:19.258,0.74325,0.74347,1.50,1.00
2016.03.17 06:05:19.764,0.74325,0.74348,1.50,1.50
2016.03.17 06:05:20.738,0.74325,0.74351,1.50,1.50
2016.03.17 06:05:20.789,0.74325,0.74351,1.75,1.50
2016.03.17 06:05:23.726,0.74325,0.74353,1.75,1.50
2016.03.17 06:05:23.777,0.7433,0.74353,1.00,1.50
2016.03.17 06:05:25.461,0.74335,0.74353,1.00,1.50
2016.03.17 06:05:25.809,0.7434,0.74358,1.00,1.00
2016.03.17 06:05:25.860,0.7434,0.74363,1.50,1.50
2016.03.17 06:05:28.836,0.74339,0.74366,1.75,1.75
2016.03.17 06:05:29.369,0.7434,0.74364,1.75,1.50
2016.03.17 06:05:30.318,0.74344,0.74368,1.00,1.75
2016.03.17 06:05:30.419,0.74344,0.74368,1.75,1.12
2016.03.17 06:05:30.469,0.74344,0.7437,1.00,1.75
2016.03.17 06:05:30.671,0.74345,0.74366,1.50,1.12
2016.03.17 06:05:30.772,0.74345,0.74365,1.00,1.75
2016.03.17 06:05:31.123,0.7434,0.74364,1.75,1.50
2016.03.17 06:05:33.694,0.74345,0.74364,1.00,1.50
2016.03.17 06:05:34.619,0.7434,0.74364,1.75,1.50
2016.03.17 06:05:35.496,0.7434,0.74362,1.75,1.00
2016.03.17 06:05:37.256,0.7434,0.74364,1.75,1.50
2016.03.17 06:05:37.916,0.7434,0.74362,1.75,1.00
2016.03.17 06:05:38.218,0.74335,0.74362,1.75,1.12
2016.03.17 06:05:38.837,0.74335,0.74359,1.75,1.00
2016.03.17 06:05:41.700,0.74335,0.74359,1.75,1.00
2016.03.17 06:05:42.387,0.7434,0.74359,1.00,1.00
2016.03.17 06:05:43.092,0.7434,0.74363,1.00,1.75
2016.03.17 06:05:46.056,0.7434,0.74359,1.00,1.00
2016.03.17 06:05:46.580,0.74335,0.74359,1.75,1.12
2016.03.17 06:05:46.681,0.74335,0.74358,1.75,1.12
2016.03.17 06:05:51.253,0.74335,0.74357,1.75,1.00
2016.03.17 06:05:57.416,0.7433,0.74358,1.75,1.37
2016.03.17 06:05:57.467,0.7433,0.74358,1.75,1.75
2016.03.17 06:05:57.518,0.7433,0.74353,1.75,1.12
2016.03.17 06:05:58.073,0.7433,0.74353,1.50,1.12
2016.03.17 06:06:00.136,0.7433,0.74349,1.50,1.00
2016.03.17 06:06:00.237,0.7433,0.74349,1.50,1.00
2016.03.17 06:06:01.676,0.74325,0.7435,1.75,1.00
2016.03.17 06:06:01.843,0.7433,0.74351,1.37,1.00
2016.03.17 06:06:02.044,0.74329,0.74354,1.75,1.00
2016.03.17 06:06:05.225,0.74329,0.74354,1.75,1.37
2016.03.17 06:06:05.570,0.74329,0.7435,1.75,1.00
2016.03.17 06:06:06.072,0.7433,0.74351,1.75,1.00
2016.03.17 06:06:06.177,0.7433,0.74351,1.12,1.12
2016.03.17 06:06:09.828,0.7433,0.7435,1.12,1.00
2016.03.17 06:06:10.487,0.7433,0.74353,1.12,2.25
2016.03.17 06:06:12.795,0.74334,0.74352,1.00,1.50
2016.03.17 06:06:13.957,0.7433,0.74352,1.12,1.50
2016.03.17 06:06:15.593,0.7433,0.74351,1.75,1.00
2016.03.17 06:06:15.694,0.7433,0.74354,1.75,1.87
2016.03.17 06:06:18.027,0.74335,0.74354,1.00,1.12
2016.03.17 06:06:19.896,0.7433,0.74354,1.75,1.87
2016.03.17 06:06:22.449,0.74335,0.74354,1.00,1.87
2016.03.17 06:06:22.867,0.7433,0.74354,1.75,1.87
2016.03.17 06:06:24.786,0.7433,0.74351,1.75,1.00
2016.03.17 06:06:24.987,0.74329,0.74351,1.12,1.50
2016.03.17 06:06:25.281,0.74329,0.7435,1.00,1.75
2016.03.17 06:06:25.727,0.74325,0.7435,1.75,1.75
2016.03.17 06:06:25.994,0.7433,0.7435,1.00,1.75
2016.03.17 06:06:29.135,0.74325,0.74348,1.75,1.12
2016.03.17 06:06:29.691,0.7433,0.74348,1.00,1.12
2016.03.17 06:06:30.176,0.74324,0.74348,1.75,1.12
2016.03.17 06:06:34.635,0.74324,0.74348,1.50,1.50
2016.03.17 06:06:34.686,0.74324,0.74345,1.50,1.00
2016.03.17 06:06:35.011,0.7433,0.74349,1.00,1.50
2016.03.17 06:06:35.162,0.74325,0.7435,1.75,1.12
2016.03.17 06:06:35.389,0.7433,0.74352,1.50,1.00
2016.03.17 06:06:35.880,0.74334,0.74352,1.00,1.00
2016.03.17 06:06:36.386,0.74335,0.74352,1.00,1.00
2016.03.17 06:06:36.839,0.7434,0.74357,1.00,1.75
2016.03.17 06:06:36.890,0.7434,0.74357,1.00,1.75
2016.03.17 06:06:36.991,0.7434,0.74357,1.00,1.12
2016.03.17 06:06:40.177,0.74335,0.74356,1.50,1.00
2016.03.17 06:06:40.390,0.74339,0.74356,1.00,1.00
2016.03.17 06:06:41.128,0.74339,0.74357,1.00,1.12
2016.03.17 06:06:41.592,0.74339,0.74359,1.00,1.12
2016.03.17 06:06:42.118,0.74339,0.7436,1.50,1.00
2016.03.17 06:06:42.846,0.7434,0.7436,1.00,1.00
2016.03.17 06:06:50.812,0.74339,0.7436,1.50,1.00
2016.03.17 06:06:51.369,0.7434,0.7436,1.00,1.00
2016.03.17 06:06:51.841,0.7434,0.74362,1.00,1.50
2016.03.17 06:06:52.652,0.7434,0.74361,1.00,1.00
2016.03.17 06:06:52.862,0.74339,0.74358,1.00,1.00
2016.03.17 06:06:53.388,0.74335,0.74358,1.75,1.00
2016.03.17 06:06:54.252,0.74336,0.74358,1.00,1.37
2016.03.17 06:06:54.728,0.74335,0.74359,1.50,1.50
2016.03.17 06:06:55.031,0.7434,0.74359,1.00,1.12
2016.03.17 06:06:55.139,0.74335,0.74359,1.75,1.12
2016.03.17 06:06:55.346,0.7434,0.74358,1.00,1.00
2016.03.17 06:06:56.129,0.74335,0.74358,1.75,1.00
2016.03.17 06:06:57.556,0.74335,0.74356,1.75,1.00
2016.03.17 06:06:57.707,0.74335,0.74356,1.00,1.00
2016.03.17 06:06:58.394,0.74334,0.74356,1.50,1.00
2016.03.17 06:06:58.924,0.74335,0.74356,1.00,1.00
2016.03.17 06:07:00.085,0.74335,0.74357,1.00,1.00
2016.03.17 06:07:01.845,0.74335,0.74356,1.00,1.00
2016.03.17 06:07:02.404,0.74335,0.74355,1.00,1.00
2016.03.17 06:07:05.096,0.74334,0.74355,1.00,1.00
2016.03.17 06:07:05.599,0.7433,0.74354,1.75,1.12
2016.03.17 06:07:06.135,0.74335,0.74356,1.37,1.12
2016.03.17 06:07:06.657,0.74335,0.74356,1.00,1.50
2016.03.17 06:07:07.626,0.7433,0.74356,1.75,1.50
2016.03.17 06:07:11.262,0.74335,0.74357,1.00,1.75
2016.03.17 06:07:11.674,0.74329,0.74356,1.75,1.50
2016.03.17 06:07:11.725,0.74325,0.74355,1.75,1.75
2016.03.17 06:07:11.776,0.74329,0.74352,1.00,1.37
2016.03.17 06:07:15.718,0.74325,0.74348,1.75,1.00
2016.03.17 06:07:16.157,0.74325,0.7435,1.75,1.12
2016.03.17 06:07:16.258,0.74325,0.7435,1.75,1.37
2016.03.17 06:07:16.658,0.74325,0.7435,1.12,1.75
2016.03.17 06:07:16.985,0.74325,0.74345,1.00,1.75
2016.03.17 06:07:20.205,0.74324,0.74348,1.00,1.75
2016.03.17 06:07:20.727,0.74325,0.74348,1.00,1.75
2016.03.17 06:07:20.827,0.74325,0.74348,1.00,1.75
2016.03.17 06:07:21.495,0.74324,0.74348,1.12,1.75
2016.03.17 06:07:21.960,0.74329,0.74347,1.00,1.50
2016.03.17 06:07:22.061,0.74324,0.74348,1.75,1.50
2016.03.17 06:07:22.281,0.7433,0.74349,1.00,1.75
2016.03.17 06:07:23.163,0.7433,0.74351,1.00,1.75
2016.03.17 06:07:23.214,0.7433,0.7435,1.00,1.00
2016.03.17 06:07:23.490,0.74327,0.7435,1.00,1.00
2016.03.17 06:07:23.590,0.7433,0.74352,1.00,1.75
2016.03.17 06:07:23.696,0.74325,0.74349,1.50,1.75
2016.03.17 06:07:25.163,0.74325,0.7435,1.50,1.75
2016.03.17 06:07:25.708,0.74325,0.74351,1.75,1.75
2016.03.17 06:07:26.226,0.7433,0.7435,1.00,1.50
2016.03.17 06:07:28.010,0.7433,0.74353,1.12,1.75
2016.03.17 06:07:28.111,0.74335,0.74354,1.00,1.75
2016.03.17 06:07:28.546,0.7433,0.74354,1.12,1.75
2016.03.17 06:07:28.899,0.7433,0.74353,1.00,1.75
2016.03.17 06:07:31.504,0.74325,0.74353,1.75,1.75
2016.03.17 06:07:43.164,0.7433,0.74352,1.00,1.75
2016.03.17 06:07:43.374,0.7433,0.74352,1.00,1.50
2016.03.17 06:07:43.932,0.74329,0.74352,1.50,1.00
2016.03.17 06:07:45.696,0.74329,0.74355,2.25,1.50
2016.03.17 06:07:45.747,0.74329,0.74355,1.75,1.12
2016.03.17 06:07:45.898,0.74335,0.74358,1.37,1.37
2016.03.17 06:07:46.064,0.7434,0.74363,1.75,1.12
2016.03.17 06:07:46.335,0.74341,0.74363,1.00,1.37
2016.03.17 06:07:49.403,0.74339,0.74364,1.00,1.75
2016.03.17 06:07:53.209,0.74335,0.74363,1.75,1.50
2016.03.17 06:07:57.396,0.74335,0.74361,1.75,1.50
2016.03.17 06:07:57.447,0.74336,0.74359,1.00,1.00
2016.03.17 06:07:58.289,0.74335,0.74361,1.75,1.50
2016.03.17 06:07:58.340,0.74338,0.74361,1.00,1.50
2016.03.17 06:07:58.391,0.74335,0.74364,1.75,1.75
2016.03.17 06:07:58.693,0.74335,0.74365,1.75,1.87
2016.03.17 06:07:58.744,0.74335,0.74365,1.75,1.87
2016.03.17 06:07:59.297,0.74335,0.74364,2.25,1.00
2016.03.17 06:08:00.178,0.74335,0.74365,1.75,1.12
2016.03.17 06:08:03.248,0.74335,0.74365,1.75,2.25
2016.03.17 06:08:16.361,0.74334,0.74361,1.75,1.12
2016.03.17 06:08:16.686,0.7434,0.74363,1.75,1.12
2016.03.17 06:08:18.798,0.7434,0.74364,1.37,1.75
2016.03.17 06:08:18.899,0.7434,0.74364,1.12,1.75
2016.03.17 06:08:19.175,0.74341,0.74364,1.00,1.00
2016.03.17 06:08:23.110,0.74335,0.74365,1.75,2.25
2016.03.17 06:08:23.161,0.74335,0.74365,1.75,2.25
2016.03.17 06:08:30.716,0.74335,0.74362,1.50,1.75
2016.03.17 06:08:48.639,0.74335,0.74364,1.75,1.75
2016.03.17 06:08:49.123,0.7434,0.74365,1.00,1.75
2016.03.17 06:08:49.784,0.74334,0.74365,2.25,1.75
2016.03.17 06:08:52.554,0.7434,0.74365,1.00,1.75
2016.03.17 06:08:52.754,0.74335,0.74365,1.75,2.25
2016.03.17 06:08:52.865,0.7434,0.74365,1.00,1.75
2016.03.17 06:08:52.973,0.74334,0.74365,2.25,1.75
2016.03.17 06:08:54.843,0.74339,0.74365,1.00,1.75
2016.03.17 06:08:55.615,0.74335,0.74365,1.75,2.25
2016.03.17 06:09:01.723,0.74336,0.74365,1.00,3.00
2016.03.17 06:09:02.025,0.7433,0.74357,1.50,1.75
2016.03.17 06:09:02.345,0.7433,0.74354,1.00,1.75
2016.03.17 06:09:02.454,0.74325,0.74354,1.75,1.75
2016.03.17 06:09:02.983,0.7433,0.74354,1.00,1.75
2016.03.17 06:09:03.134,0.74325,0.74354,1.75,1.75
2016.03.17 06:09:03.691,0.74325,0.74353,1.12,2.25
2016.03.17 06:09:09.030,0.74324,0.74348,1.00,2.25
2016.03.17 06:09:10.354,0.74325,0.74348,1.00,2.25
2016.03.17 06:09:12.032,0.74325,0.74351,1.00,1.75
2016.03.17 06:09:14.461,0.74324,0.74351,1.00,1.75
2016.03.17 06:09:14.968,0.74325,0.74351,1.00,1.75
2016.03.17 06:09:15.523,0.7432,0.7435,2.25,1.75
2016.03.17 06:09:15.743,0.74325,0.74351,1.00,1.75
2016.03.17 06:09:16.663,0.7432,0.74349,1.50,1.75
2016.03.17 06:09:16.846,0.74318,0.74346,1.75,1.75
2016.03.17 06:09:20.037,0.74314,0.74344,2.25,1.75
2016.03.17 06:09:20.088,0.74314,0.74342,1.75,1.75
2016.03.17 06:09:20.189,0.74314,0.74342,1.75,1.75
2016.03.17 06:09:20.711,0.74315,0.74339,1.37,1.75
2016.03.17 06:09:21.233,0.74315,0.7434,1.12,1.75
2016.03.17 06:09:21.573,0.74319,0.74342,1.00,1.75
2016.03.17 06:09:22.161,0.7432,0.74343,1.00,2.25
2016.03.17 06:09:24.806,0.74319,0.74343,1.00,2.25
2016.03.17 06:09:25.463,0.7432,0.74343,1.00,2.25
2016.03.17 06:09:26.413,0.74315,0.74343,1.12,2.25
2016.03.17 06:09:27.648,0.7432,0.74343,1.00,1.75
2016.03.17 06:09:28.763,0.7432,0.74343,1.00,1.75
2016.03.17 06:09:29.866,0.74315,0.7434,1.12,1.75
2016.03.17 06:09:30.546,0.7432,0.74343,1.00,1.75
2016.03.17 06:09:30.975,0.74319,0.74344,1.00,1.75
2016.03.17 06:09:33.629,0.7432,0.74344,1.00,1.75
2016.03.17 06:09:36.125,0.7432,0.74341,1.00,1.00
2016.03.17 06:09:36.226,0.74325,0.74347,1.00,1.75
2016.03.17 06:09:36.785,0.7432,0.74348,1.75,1.75
2016.03.17 06:09:36.987,0.7432,0.74347,1.00,1.75
2016.03.17 06:09:37.739,0.7432,0.74345,1.00,1.75
2016.03.17 06:09:38.049,0.7432,0.74344,1.00,1.75
2016.03.17 06:09:38.585,0.74319,0.74344,1.00,1.75
2016.03.17 06:09:38.900,0.74315,0.7434,1.50,1.75
2016.03.17 06:09:39.441,0.74315,0.74339,1.37,2.25
2016.03.17 06:09:39.744,0.74314,0.74336,1.00,1.75
2016.03.17 06:09:40.380,0.7431,0.74336,1.75,1.75
2016.03.17 06:09:40.700,0.74315,0.74338,1.00,1.75
2016.03.17 06:09:40.801,0.74315,0.74338,1.00,1.75
2016.03.17 06:09:41.400,0.74314,0.74339,1.12,1.75
2016.03.17 06:09:41.901,0.74315,0.74338,1.00,1.75
2016.03.17 06:09:42.973,0.7431,0.74338,1.75,1.75
2016.03.17 06:09:44.254,0.74315,0.74338,1.00,1.75
2016.03.17 06:09:45.023,0.74314,0.74338,1.12,1.75
2016.03.17 06:09:47.223,0.74315,0.74338,1.00,1.75
2016.03.17 06:09:51.844,0.74314,0.74339,1.12,1.75
2016.03.17 06:10:01.281,0.74314,0.74339,1.50,2.25
2016.03.17 06:10:08.008,0.74314,0.74335,1.37,1.00
2016.03.17 06:10:08.059,0.7431,0.74335,1.75,1.37
2016.03.17 06:10:08.109,0.7431,0.74335,1.50,1.75
2016.03.17 06:10:08.160,0.7431,0.74333,1.50,1.75
2016.03.17 06:10:08.261,0.7431,0.74333,1.00,1.75
2016.03.17 06:10:09.392,0.7431,0.74333,1.00,1.75
2016.03.17 06:10:09.911,0.7431,0.74333,1.00,1.75
2016.03.17 06:10:16.069,0.7431,0.74333,1.00,1.75
2016.03.17 06:10:16.924,0.74309,0.74333,1.12,1.75
2016.03.17 06:10:18.022,0.7431,0.74333,1.00,1.75
2016.03.17 06:10:18.575,0.74314,0.74333,1.00,1.75
2016.03.17 06:10:18.727,0.74314,0.74333,1.00,1.00
2016.03.17 06:10:19.275,0.7432,0.7434,1.00,2.25
2016.03.17 06:10:19.325,0.7432,0.74338,1.00,1.00
2016.03.17 06:10:20.123,0.7432,0.74341,1.00,1.75
2016.03.17 06:10:21.984,0.74315,0.74341,1.75,1.75
2016.03.17 06:10:31.814,0.74319,0.74343,1.72,1.75
2016.03.17 06:10:32.066,0.74324,0.74351,2.10,1.50
2016.03.17 06:10:32.217,0.74324,0.74352,2.10,1.50
2016.03.17 06:10:32.996,0.74325,0.74353,1.75,1.50
2016.03.17 06:10:39.512,0.7433,0.74356,1.37,1.75
2016.03.17 06:10:39.725,0.74334,0.7436,1.75,1.12
2016.03.17 06:10:41.053,0.74334,0.74362,1.75,1.12
2016.03.17 06:10:42.683,0.74333,0.7436,1.75,1.50
2016.03.17 06:10:42.783,0.74332,0.7436,2.25,2.25
2016.03.17 06:10:42.884,0.74333,0.74356,1.00,1.00
2016.03.17 06:10:44.782,0.74329,0.74357,1.75,1.75
2016.03.17 06:10:50.172,0.7433,0.74354,1.12,1.75
2016.03.17 06:10:52.165,0.74329,0.74356,1.50,1.75
2016.03.17 06:10:52.216,0.74329,0.74356,2.25,1.50
2016.03.17 06:10:52.368,0.74335,0.74358,1.37,1.50
2016.03.17 06:10:52.418,0.74335,0.74358,1.50,1.12
2016.03.17 06:10:52.469,0.74335,0.74361,1.50,1.50
2016.03.17 06:10:52.989,0.74338,0.74361,1.00,1.00
2016.03.17 06:10:53.040,0.7434,0.74361,1.00,1.00
2016.03.17 06:10:55.772,0.74338,0.74361,1.00,1.00
2016.03.17 06:10:55.991,0.7434,0.74361,1.00,1.00
2016.03.17 06:10:56.243,0.74338,0.74361,1.00,1.00
2016.03.17 06:10:56.294,0.74334,0.74359,1.75,1.50
2016.03.17 06:10:56.707,0.74334,0.7436,1.50,1.75
2016.03.17 06:11:05.815,0.7433,0.74361,1.75,1.75
2016.03.17 06:11:07.732,0.74335,0.74361,1.00,1.75
2016.03.17 06:11:07.947,0.74335,0.74361,2.25,1.12
2016.03.17 06:11:08.506,0.74342,0.74364,1.00,1.00
2016.03.17 06:11:08.607,0.7434,0.74366,1.75,1.50
2016.03.17 06:11:09.813,0.7434,0.74366,1.75,1.75
2016.03.17 06:11:28.371,0.74339,0.74366,1.75,1.37
2016.03.17 06:11:38.044,0.74342,0.74366,1.00,1.37
2016.03.17 06:11:46.271,0.74339,0.74365,1.50,1.75
2016.03.17 06:11:49.015,0.74335,0.7436,1.75,1.00
2016.03.17 06:11:49.116,0.74335,0.7436,1.75,1.50
2016.03.17 06:11:49.267,0.74335,0.7436,1.37,1.50
2016.03.17 06:11:49.318,0.74335,0.74359,1.00,1.75
2016.03.17 06:11:49.426,0.7433,0.74359,1.75,1.75
2016.03.17 06:11:50.980,0.7433,0.7436,1.75,2.25
2016.03.17 06:11:56.484,0.7433,0.74359,1.75,1.75
2016.03.17 06:11:56.534,0.7433,0.74358,1.75,1.75
2016.03.17 06:11:57.052,0.7433,0.74353,1.75,1.00
2016.03.17 06:12:05.150,0.7433,0.74354,1.75,1.00
2016.03.17 06:12:10.210,0.7433,0.74353,1.75,1.00
2016.03.17 06:12:10.511,0.74325,0.74349,1.75,1.00
2016.03.17 06:12:10.612,0.74325,0.74349,1.75,1.12
2016.03.17 06:12:10.763,0.74325,0.74347,1.75,1.00
2016.03.17 06:12:16.623,0.74325,0.74349,1.75,1.00
2016.03.17 06:12:20.760,0.74326,0.74349,1.00,1.50
2016.03.17 06:12:20.861,0.74325,0.74347,1.00,1.00
2016.03.17 06:12:21.171,0.74324,0.74345,1.00,1.00
2016.03.17 06:12:21.522,0.7432,0.74342,1.75,1.00
2016.03.17 06:12:23.631,0.7432,0.74343,1.75,1.00
2016.03.17 06:12:24.950,0.7432,0.7434,1.75,1.00
2016.03.17 06:12:25.051,0.74317,0.7434,1.75,1.00
2016.03.17 06:12:25.395,0.74315,0.74338,1.75,1.00
2016.03.17 06:12:25.446,0.74318,0.74338,1.00,1.00
2016.03.17 06:12:25.987,0.74318,0.7434,1.00,1.00
2016.03.17 06:12:30.079,0.7432,0.7434,1.00,1.00
2016.03.17 06:12:32.878,0.7432,0.74341,1.00,1.50
2016.03.17 06:12:36.456,0.7432,0.74341,1.75,1.00
2016.03.17 06:12:36.807,0.74325,0.74345,1.00,1.12
2016.03.17 06:12:37.319,0.74325,0.74345,1.50,1.00
2016.03.17 06:12:42.337,0.74325,0.74344,1.50,1.00
2016.03.17 06:12:44.466,0.74325,0.74344,1.12,1.00
2016.03.17 06:12:44.910,0.7432,0.74344,1.75,1.00
2016.03.17 06:12:45.614,0.7432,0.74343,1.75,1.00
2016.03.17 06:12:47.829,0.7432,0.74345,1.75,1.12
2016.03.17 06:12:48.358,0.7432,0.74344,1.75,1.00
2016.03.17 06:12:48.953,0.7432,0.74343,1.75,1.00
2016.03.17 06:12:51.399,0.74325,0.74343,1.00,1.00
2016.03.17 06:12:52.060,0.7432,0.74343,1.75,1.00
2016.03.17 06:12:57.659,0.7432,0.74342,1.75,1.00
2016.03.17 06:13:02.569,0.7432,0.74343,1.75,1.00
2016.03.17 06:13:04.219,0.7432,0.74341,1.75,1.00
2016.03.17 06:13:12.250,0.7432,0.74345,1.75,1.75
2016.03.17 06:13:12.351,0.74325,0.74345,1.00,1.75
2016.03.17 06:13:12.452,0.74325,0.74345,1.12,1.00
2016.03.17 06:13:13.482,0.74325,0.74346,1.12,1.00
2016.03.17 06:13:13.533,0.74325,0.74346,1.75,1.00
2016.03.17 06:13:16.580,0.74325,0.74351,1.75,1.75
2016.03.17 06:13:16.831,0.7433,0.74348,1.00,1.00
2016.03.17 06:13:17.387,0.7433,0.74351,1.00,1.75
2016.03.17 06:13:17.438,0.7433,0.74351,1.12,1.12
2016.03.17 06:13:23.799,0.7433,0.7435,1.12,1.00
2016.03.17 06:13:28.609,0.74334,0.7435,1.00,1.00
2016.03.17 06:13:28.760,0.74334,0.74355,1.00,1.50
2016.03.17 06:13:29.290,0.74333,0.74355,1.00,1.50
2016.03.17 06:13:33.590,0.74333,0.74353,1.00,1.00
2016.03.17 06:13:34.017,0.74335,0.74353,1.00,1.00
2016.03.17 06:13:34.199,0.74333,0.74353,1.00,1.00
2016.03.17 06:13:34.676,0.74335,0.74353,1.00,1.00
2016.03.17 06:13:35.006,0.74333,0.74353,1.00,1.00
2016.03.17 06:13:37.218,0.74333,0.74354,1.00,1.00
2016.03.17 06:13:43.342,0.74333,0.74352,1.00,1.00
2016.03.17 06:13:43.745,0.74333,0.74349,1.00,1.00
2016.03.17 06:13:43.896,0.74329,0.74349,1.75,1.00
2016.03.17 06:13:44.407,0.74329,0.74351,1.75,1.00
2016.03.17 06:13:46.527,0.74329,0.74352,1.75,1.12
2016.03.17 06:13:48.988,0.7433,0.74351,1.50,1.00
2016.03.17 06:13:50.563,0.7433,0.74353,1.75,1.00
2016.03.17 06:13:51.065,0.74329,0.74354,2.25,1.12
2016.03.17 06:13:54.978,0.74329,0.74353,2.25,1.00
2016.03.17 06:13:55.545,0.74335,0.74354,1.00,1.12
2016.03.17 06:13:55.979,0.7433,0.74354,1.75,1.12
2016.03.17 06:13:56.504,0.7433,0.74353,1.75,1.00
2016.03.17 06:14:00.429,0.74329,0.74354,2.25,1.12
2016.03.17 06:14:01.155,0.7433,0.74353,1.75,1.00
2016.03.17 06:14:04.320,0.7433,0.74354,1.75,1.12
2016.03.17 06:14:11.895,0.74332,0.74356,1.00,1.75
2016.03.17 06:14:13.030,0.7433,0.74354,1.12,1.75
2016.03.17 06:14:19.020,0.74325,0.7435,1.75,1.75
2016.03.17 06:14:22.180,0.74325,0.74348,1.50,1.50
2016.03.17 06:14:22.847,0.74325,0.74348,1.12,1.75
2016.03.17 06:14:23.378,0.74325,0.74348,1.00,2.25
2016.03.17 06:14:23.428,0.7432,0.74344,1.75,1.12
2016.03.17 06:14:24.926,0.74319,0.74346,1.75,1.12
2016.03.17 06:14:27.379,0.74319,0.74345,1.75,1.00
2016.03.17 06:14:27.658,0.74326,0.74347,1.00,1.00
2016.03.17 06:14:28.314,0.74326,0.74348,1.00,1.00
2016.03.17 06:14:31.777,0.74326,0.74349,1.00,1.50
2016.03.17 06:14:32.231,0.74325,0.74349,1.50,1.50
2016.03.17 06:14:32.853,0.74325,0.74349,1.12,1.75
2016.03.17 06:14:36.475,0.74325,0.74347,1.75,1.00
2016.03.17 06:14:36.526,0.74325,0.7435,1.75,1.50
2016.03.17 06:14:37.137,0.74329,0.74353,1.00,1.75
2016.03.17 06:14:37.717,0.74325,0.74351,1.75,1.75
2016.03.17 06:14:37.978,0.7433,0.74353,1.12,1.75
2016.03.17 06:14:38.991,0.7433,0.74354,1.75,1.50
2016.03.17 06:14:39.317,0.74335,0.74356,1.00,1.75
2016.03.17 06:14:41.591,0.7433,0.74356,1.75,1.75
2016.03.17 06:14:47.540,0.74334,0.74357,1.00,1.75
2016.03.17 06:14:49.930,0.7433,0.74356,2.25,1.75
2016.03.17 06:14:50.038,0.74335,0.74356,1.00,1.75
2016.03.17 06:14:50.368,0.7433,0.74356,1.75,1.75
2016.03.17 06:14:50.683,0.74329,0.74353,1.37,1.50
2016.03.17 06:14:52.290,0.74325,0.74351,1.75,1.00
2016.03.17 06:14:52.391,0.74325,0.7435,1.75,1.50
2016.03.17 06:15:01.021,0.74325,0.74348,1.50,1.00
2016.03.17 06:15:07.678,0.74325,0.74346,1.00,1.00
2016.03.17 06:15:08.215,0.74325,0.74348,1.00,1.50
2016.03.17 06:15:09.179,0.74325,0.74347,1.00,1.00
2016.03.17 06:15:10.464,0.74325,0.74348,1.00,1.50
2016.03.17 06:15:17.231,0.74322,0.74348,1.75,1.75
2016.03.17 06:15:17.644,0.7432,0.74345,1.87,1.50
2016.03.17 06:15:22.528,0.7432,0.74349,1.75,1.75
2016.03.17 06:15:22.579,0.7432,0.74349,1.75,1.75
2016.03.17 06:15:23.688,0.74326,0.74349,1.00,1.50
2016.03.17 06:15:25.754,0.74324,0.74354,1.75,1.75
2016.03.17 06:15:26.329,0.7433,0.74356,1.00,1.75
2016.03.17 06:15:26.856,0.7433,0.74353,1.50,1.00
2016.03.17 06:15:33.947,0.74324,0.74355,2.25,1.75
2016.03.17 06:15:34.510,0.74324,0.74356,1.75,1.75
2016.03.17 06:15:44.669,0.74324,0.74355,1.75,2.25
2016.03.17 06:15:44.719,0.74324,0.74355,1.75,2.25
2016.03.17 06:15:45.457,0.7433,0.74355,1.37,1.75
2016.03.17 06:15:45.508,0.74325,0.74353,1.75,1.75
2016.03.17 06:15:45.902,0.74323,0.74353,1.75,1.75
2016.03.17 06:15:51.077,0.74324,0.74353,1.75,1.75
2016.03.17 06:15:51.128,0.74324,0.74353,1.75,1.75
2016.03.17 06:15:51.279,0.7433,0.7436,1.50,3.00
2016.03.17 06:15:51.330,0.7433,0.7436,1.75,1.75
2016.03.17 06:15:51.465,0.7433,0.7436,4.50,1.12
2016.03.17 06:16:03.008,0.7433,0.7436,1.75,2.25
2016.03.17 06:16:03.224,0.7433,0.74358,1.75,1.75
2016.03.17 06:16:03.599,0.7433,0.74357,1.75,1.75
2016.03.17 06:16:05.200,0.74325,0.74352,1.75,1.37
2016.03.17 06:16:05.250,0.74325,0.74352,1.75,1.75
2016.03.17 06:16:05.351,0.74325,0.74351,1.50,1.75
2016.03.17 06:16:11.005,0.74325,0.74352,1.75,1.75
2016.03.17 06:16:11.056,0.74327,0.7435,1.00,1.00
2016.03.17 06:16:29.913,0.74324,0.74353,1.75,1.75
2016.03.17 06:16:30.526,0.74328,0.74351,1.00,1.00
2016.03.17 06:16:34.519,0.74325,0.74354,1.75,1.75
2016.03.17 06:16:35.029,0.74324,0.74354,1.75,1.75
2016.03.17 06:16:35.333,0.74325,0.74355,2.25,2.25
2016.03.17 06:16:37.770,0.74335,0.74357,1.00,1.00
2016.03.17 06:16:37.971,0.74337,0.74359,1.00,1.00
2016.03.17 06:16:38.659,0.74337,0.7436,1.00,1.00
2016.03.17 06:16:39.461,0.74335,0.74361,2.25,1.37
2016.03.17 06:16:39.979,0.74336,0.74361,1.75,1.00
2016.03.17 06:16:40.302,0.74336,0.74363,1.75,1.00
2016.03.17 06:16:46.384,0.7434,0.74363,1.00,1.37
2016.03.17 06:16:51.977,0.74335,0.74364,1.75,1.50
2016.03.17 06:16:52.136,0.7434,0.74368,1.75,1.75
2016.03.17 06:16:52.187,0.74341,0.74368,1.75,1.75
2016.03.17 06:16:52.288,0.74341,0.7437,1.75,1.75
2016.03.17 06:16:52.600,0.74344,0.74374,1.75,1.75
2016.03.17 06:16:53.146,0.74345,0.74371,1.75,1.75
2016.03.17 06:17:03.703,0.74345,0.74373,1.75,1.75
2016.03.17 06:17:04.216,0.7434,0.7437,3.00,1.75
2016.03.17 06:17:10.309,0.74341,0.7437,1.75,1.75
2016.03.17 06:17:10.409,0.7434,0.74369,2.25,1.35
2016.03.17 06:17:10.510,0.74335,0.74365,3.00,1.75
2016.03.17 06:17:10.795,0.74335,0.74362,1.75,1.75
2016.03.17 06:17:12.913,0.74335,0.74359,1.75,1.00
2016.03.17 06:17:14.332,0.7434,0.74367,1.37,1.75
2016.03.17 06:17:14.383,0.7434,0.74367,1.50,1.75
2016.03.17 06:17:14.434,0.7434,0.74364,2.25,1.00
2016.03.17 06:17:14.736,0.7434,0.74371,1.75,2.25
2016.03.17 06:17:16.664,0.74339,0.7437,2.25,1.75
2016.03.17 06:17:16.714,0.74342,0.74364,1.00,1.00
2016.03.17 06:17:17.536,0.7434,0.7437,1.75,2.25
2016.03.17 06:17:18.056,0.7434,0.7437,1.75,2.25
2016.03.17 06:17:41.353,0.7434,0.74366,1.75,1.00
2016.03.17 06:17:43.663,0.7434,0.7437,2.25,1.75
2016.03.17 06:17:44.338,0.7434,0.74369,1.75,1.75
2016.03.17 06:17:55.716,0.74339,0.74369,1.75,1.75
2016.03.17 06:18:02.465,0.7434,0.7437,1.75,1.75
2016.03.17 06:18:02.516,0.7434,0.74368,1.75,1.75
2016.03.17 06:18:05.556,0.74338,0.74365,1.75,1.75
2016.03.17 06:18:05.606,0.74336,0.74365,1.75,1.75
2016.03.17 06:18:05.707,0.74338,0.7436,1.00,1.00
2016.03.17 06:18:05.758,0.74336,0.74365,1.37,1.75
2016.03.17 06:18:05.809,0.74335,0.74363,1.50,1.75
2016.03.17 06:18:06.096,0.74334,0.74363,1.75,1.75
2016.03.17 06:18:08.048,0.74334,0.74363,1.75,1.75
2016.03.17 06:18:08.099,0.74334,0.74363,1.75,1.75
2016.03.17 06:18:08.650,0.74335,0.74363,1.75,1.75
2016.03.17 06:18:08.751,0.74335,0.74362,1.75,1.75
2016.03.17 06:18:08.801,0.74339,0.74361,1.00,1.00
2016.03.17 06:18:08.852,0.74335,0.74363,1.75,1.50
2016.03.17 06:18:09.442,0.74335,0.74365,1.75,1.75
2016.03.17 06:18:10.589,0.74339,0.74367,1.75,1.50
2016.03.17 06:18:10.640,0.74339,0.74371,1.75,2.25
2016.03.17 06:18:14.867,0.74338,0.74366,1.75,1.75
2016.03.17 06:18:14.918,0.74341,0.74363,1.00,1.00
2016.03.17 06:18:15.606,0.74335,0.74364,1.75,1.75
2016.03.17 06:18:17.926,0.74335,0.7436,1.75,1.37
2016.03.17 06:18:18.358,0.74335,0.74358,1.12,1.50
2016.03.17 06:18:18.885,0.7433,0.74355,1.75,1.00
2016.03.17 06:18:19.782,0.7433,0.74358,1.75,1.50
2016.03.17 06:18:20.335,0.7433,0.74359,1.75,1.75
2016.03.17 06:18:30.447,0.74335,0.7436,1.75,1.50
2016.03.17 06:18:36.200,0.7433,0.7436,3.52,1.75
2016.03.17 06:18:36.355,0.74335,0.74357,1.00,1.00
2016.03.17 06:18:36.456,0.74331,0.74357,1.75,1.75
2016.03.17 06:18:37.576,0.7433,0.7436,2.25,2.25
2016.03.17 06:18:37.774,0.74334,0.74361,1.75,1.75
2016.03.17 06:18:40.671,0.74331,0.7436,4.50,1.12
2016.03.17 06:18:41.179,0.74335,0.74363,1.75,1.50
2016.03.17 06:18:43.799,0.74335,0.74365,1.75,2.25
2016.03.17 06:18:43.851,0.74335,0.74365,1.75,2.25
2016.03.17 06:18:46.867,0.7434,0.74366,1.75,1.75
2016.03.17 06:18:47.452,0.7434,0.74366,1.75,1.50
2016.03.17 06:19:00.705,0.7434,0.74365,1.75,1.37
2016.03.17 06:19:00.756,0.74341,0.74364,1.00,1.00
2016.03.17 06:19:00.806,0.74341,0.74362,1.00,1.00
2016.03.17 06:19:11.168,0.74341,0.74361,1.00,1.00
2016.03.17 06:19:12.340,0.74334,0.74361,1.75,1.12
2016.03.17 06:19:12.665,0.7433,0.74358,1.75,1.00
2016.03.17 06:19:12.986,0.74335,0.74356,1.75,1.00
2016.03.17 06:19:13.224,0.74335,0.74359,1.75,1.12
2016.03.17 06:19:17.102,0.7433,0.74358,2.77,1.00
2016.03.17 06:19:19.273,0.74331,0.74359,1.75,1.12
2016.03.17 06:19:22.513,0.7434,0.74359,1.00,1.12
2016.03.17 06:19:23.063,0.74335,0.74359,1.75,1.12
2016.03.17 06:19:25.983,0.74335,0.74358,1.75,1.00
2016.03.17 06:19:28.245,0.7434,0.74358,1.00,1.00
2016.03.17 06:19:28.749,0.7434,0.74361,1.00,1.00
2016.03.17 06:19:33.144,0.7434,0.74362,1.00,1.00
2016.03.17 06:19:33.953,0.74339,0.74362,1.50,1.50
2016.03.17 06:19:37.958,0.7434,0.74362,1.00,1.50
2016.03.17 06:19:38.459,0.7434,0.74361,1.00,1.00
2016.03.17 06:19:38.563,0.7434,0.74359,1.00,1.00
2016.03.17 06:19:39.169,0.74339,0.74359,1.00,1.00
2016.03.17 06:19:40.209,0.74339,0.7436,1.00,1.00
2016.03.17 06:19:40.310,0.74339,0.74362,1.00,1.00
2016.03.17 06:19:40.794,0.74335,0.74365,2.25,1.75
2016.03.17 06:19:40.914,0.7434,0.7437,2.25,2.25
2016.03.17 06:19:41.393,0.74345,0.74371,1.75,1.75
2016.03.17 06:19:41.704,0.74345,0.74375,1.75,1.75
2016.03.17 06:19:42.565,0.74343,0.74369,1.37,1.37
2016.03.17 06:19:42.616,0.7434,0.7437,1.57,3.00
2016.03.17 06:19:43.465,0.74339,0.74365,1.37,1.75
2016.03.17 06:19:43.979,0.74341,0.74364,1.50,1.00
2016.03.17 06:19:46.213,0.7434,0.7437,2.25,1.75
2016.03.17 06:19:46.522,0.74341,0.7437,1.75,1.75
2016.03.17 06:19:59.002,0.74345,0.74376,1.75,2.25
2016.03.17 06:20:00.714,0.74345,0.74375,2.25,1.75
2016.03.17 06:20:01.017,0.7435,0.74381,1.75,2.25
2016.03.17 06:20:01.118,0.74352,0.74381,1.75,1.12
2016.03.17 06:20:03.697,0.74356,0.7438,1.75,1.00
2016.03.17 06:20:04.232,0.74356,0.74385,1.75,1.75
2016.03.17 06:20:12.379,0.74355,0.7438,1.75,1.00
2016.03.17 06:20:13.007,0.74354,0.74385,2.25,1.75
2016.03.17 06:20:13.607,0.74354,0.7438,1.75,1.00
2016.03.17 06:20:13.658,0.74352,0.7438,2.25,1.75
2016.03.17 06:20:13.985,0.7435,0.7438,1.75,2.25
2016.03.17 06:20:17.164,0.7435,0.7438,2.25,2.25
2016.03.17 06:20:17.466,0.74352,0.7438,1.75,1.75
2016.03.17 06:20:17.876,0.74351,0.7438,1.75,1.75
2016.03.17 06:20:20.987,0.74355,0.74383,1.75,2.25
2016.03.17 06:20:21.311,0.74355,0.74381,2.25,2.10
2016.03.17 06:20:21.618,0.74348,0.74378,1.75,1.75
2016.03.17 06:20:22.167,0.74351,0.74384,1.75,3.00
2016.03.17 06:20:22.369,0.74353,0.74385,1.75,1.75
2016.03.17 06:20:22.469,0.74357,0.7439,1.75,1.75
2016.03.17 06:20:22.959,0.7436,0.74391,1.75,1.75
2016.03.17 06:20:23.177,0.74365,0.74387,1.00,1.00
2016.03.17 06:20:24.684,0.74366,0.74389,1.00,1.00
2016.03.17 06:20:26.312,0.74366,0.74385,1.00,1.00
2016.03.17 06:20:26.362,0.74363,0.74385,1.12,1.50
2016.03.17 06:20:26.930,0.74364,0.74385,1.00,1.50
2016.03.17 06:20:27.132,0.74364,0.74385,1.75,1.00
2016.03.17 06:20:27.183,0.74373,0.74395,1.00,1.00
2016.03.17 06:20:28.196,0.74373,0.7439,1.00,1.00
2016.03.17 06:20:29.199,0.74373,0.74391,1.00,1.00
2016.03.17 06:20:30.274,0.74371,0.74394,1.00,1.00
2016.03.17 06:20:30.697,0.74371,0.7439,1.00,1.00
2016.03.17 06:20:31.057,0.74371,0.74394,1.00,1.00
2016.03.17 06:20:35.114,0.74371,0.7439,1.00,1.00
2016.03.17 06:20:35.666,0.74368,0.74395,1.75,1.75
2016.03.17 06:20:36.938,0.74364,0.7439,1.75,1.00
2016.03.17 06:20:37.241,0.74359,0.74386,1.75,1.75
2016.03.17 06:20:37.602,0.74356,0.74386,1.75,1.75
2016.03.17 06:20:41.175,0.74355,0.7438,1.75,1.00
2016.03.17 06:20:46.038,0.74355,0.74386,1.75,2.25
2016.03.17 06:20:46.089,0.74356,0.74386,1.75,1.75
2016.03.17 06:20:46.140,0.74357,0.7438,1.00,1.00
2016.03.17 06:20:48.316,0.74353,0.7438,1.75,1.50
2016.03.17 06:20:48.618,0.74352,0.74381,1.75,1.75
2016.03.17 06:20:54.062,0.74345,0.74373,3.75,1.00
2016.03.17 06:20:54.163,0.74345,0.74373,2.25,1.12
2016.03.17 06:20:55.335,0.74344,0.74373,1.75,1.50
2016.03.17 06:20:55.386,0.74344,0.7437,1.75,1.00
2016.03.17 06:20:55.587,0.74347,0.74368,1.00,1.00
2016.03.17 06:20:55.714,0.7434,0.74363,1.75,1.00
2016.03.17 06:20:55.765,0.7434,0.74363,1.75,1.00
2016.03.17 06:20:56.307,0.74335,0.74365,3.75,2.25
2016.03.17 06:20:58.150,0.74335,0.74365,3.00,2.25
2016.03.17 06:21:07.486,0.74336,0.74364,1.75,1.00
2016.03.17 06:21:07.788,0.7434,0.7437,1.75,1.50
2016.03.17 06:21:07.889,0.7434,0.7437,3.75,1.50
2016.03.17 06:21:08.191,0.74342,0.7437,1.75,1.00
2016.03.17 06:21:10.766,0.74348,0.74376,1.75,2.25
2016.03.17 06:21:11.068,0.74351,0.7438,3.75,1.12
2016.03.17 06:21:11.370,0.74356,0.74386,1.75,1.75
2016.03.17 06:21:11.471,0.74359,0.7439,1.75,2.25
2016.03.17 06:21:11.591,0.7436,0.7439,1.75,3.00
2016.03.17 06:21:11.641,0.7436,0.7439,1.75,1.50
2016.03.17 06:21:12.597,0.74366,0.74396,1.75,1.75
2016.03.17 06:21:12.698,0.74366,0.74396,1.75,1.75
2016.03.17 06:21:12.915,0.74367,0.74394,1.75,1.00
2016.03.17 06:21:18.086,0.7437,0.74398,1.75,1.75
2016.03.17 06:21:18.187,0.74368,0.74395,1.75,1.12
2016.03.17 06:21:18.288,0.74371,0.74395,1.00,1.87
2016.03.17 06:21:18.590,0.74365,0.74395,1.75,1.75
2016.03.17 06:21:18.919,0.74361,0.7439,1.75,1.75
2016.03.17 06:21:19.285,0.7436,0.7439,2.25,1.75
2016.03.17 06:21:19.910,0.7436,0.7439,2.25,1.75
2016.03.17 06:21:21.692,0.74362,0.7439,1.00,2.25
2016.03.17 06:21:22.194,0.7436,0.7439,1.75,2.25
2016.03.17 06:21:22.351,0.7436,0.7439,2.25,1.75
2016.03.17 06:21:27.304,0.74365,0.74393,1.37,1.75
2016.03.17 06:21:27.355,0.74367,0.74389,1.00,1.00
2016.03.17 06:21:30.947,0.74365,0.74393,1.75,1.75
2016.03.17 06:21:31.498,0.74365,0.74393,1.50,1.75
2016.03.17 06:21:34.910,0.74366,0.74391,1.75,1.00
2016.03.17 06:21:42.555,0.74365,0.7439,1.75,1.00
2016.03.17 06:21:42.656,0.74362,0.7439,1.75,1.37
2016.03.17 06:21:42.707,0.74363,0.7439,1.75,2.25
2016.03.17 06:21:42.758,0.74363,0.7439,1.75,2.25
2016.03.17 06:21:43.249,0.74359,0.74389,1.75,1.75
2016.03.17 06:21:43.834,0.74359,0.74389,1.75,1.75
2016.03.17 06:21:51.733,0.74359,0.74389,1.75,1.75
2016.03.17 06:21:52.236,0.7436,0.74389,2.25,1.75
2016.03.17 06:21:52.545,0.74362,0.7439,1.75,1.75
2016.03.17 06:21:56.746,0.74362,0.74386,1.75,1.00
2016.03.17 06:21:57.458,0.74362,0.7439,1.75,1.75
2016.03.17 06:22:05.551,0.74362,0.74391,1.75,2.25
2016.03.17 06:22:06.147,0.74367,0.7439,1.00,1.50
2016.03.17 06:22:10.819,0.74367,0.74389,1.00,1.00
2016.03.17 06:22:10.869,0.74361,0.74389,1.75,1.37
2016.03.17 06:22:11.172,0.74359,0.7439,1.75,2.25
2016.03.17 06:22:17.369,0.74362,0.74387,1.00,1.50
2016.03.17 06:22:27.625,0.74361,0.74385,1.00,1.75
2016.03.17 06:22:27.789,0.74356,0.74385,1.75,1.75
2016.03.17 06:22:27.991,0.7436,0.74389,1.37,1.75
2016.03.17 06:22:28.092,0.7436,0.74389,1.75,1.75
2016.03.17 06:22:28.316,0.74358,0.74391,1.75,1.75
2016.03.17 06:22:28.467,0.7436,0.74389,1.75,1.75
2016.03.17 06:22:33.227,0.74357,0.74385,1.75,1.12
2016.03.17 06:22:33.328,0.74357,0.74385,1.75,1.50
2016.03.17 06:22:33.454,0.74357,0.74385,1.75,1.75
2016.03.17 06:22:35.032,0.74357,0.7438,1.75,1.00
2016.03.17 06:22:35.183,0.74358,0.7438,1.00,1.00
2016.03.17 06:22:46.615,0.74358,0.74381,1.00,1.50
2016.03.17 06:22:51.564,0.74358,0.7438,1.00,1.00
2016.03.17 06:22:52.097,0.74352,0.7438,1.75,1.12
2016.03.17 06:22:54.349,0.74352,0.7438,1.75,1.37
2016.03.17 06:22:54.928,0.74351,0.7438,1.75,1.75
2016.03.17 06:23:08.832,0.74352,0.7438,1.75,1.75
2016.03.17 06:23:08.883,0.74353,0.74376,1.00,1.00
2016.03.17 06:23:11.305,0.74353,0.74375,1.00,1.00
2016.03.17 06:23:23.913,0.74353,0.74376,1.00,1.50
2016.03.17 06:23:24.055,0.74349,0.74376,1.75,1.50
2016.03.17 06:23:24.607,0.74349,0.74376,1.75,1.75
2016.03.17 06:24:02.863,0.74346,0.74375,1.75,1.75
2016.03.17 06:24:08.326,0.7435,0.7438,2.25,1.75
2016.03.17 06:24:08.877,0.74348,0.74375,1.75,1.75
2016.03.17 06:24:24.048,0.74347,0.74375,1.75,1.75
2016.03.17 06:24:24.555,0.74347,0.74376,1.75,1.75
2016.03.17 06:24:32.560,0.74351,0.74375,1.00,1.50
2016.03.17 06:24:32.992,0.74344,0.74367,1.00,1.00
2016.03.17 06:24:35.284,0.74343,0.7437,1.75,1.75
2016.03.17 06:24:52.136,0.74344,0.74375,1.75,3.00
2016.03.17 06:24:52.331,0.74345,0.74375,1.75,1.75
2016.03.17 06:24:52.432,0.74349,0.74372,1.00,1.00
2016.03.17 06:24:57.730,0.74346,0.74375,1.75,1.75
2016.03.17 06:24:58.420,0.74345,0.74375,2.25,1.75
2016.03.17 06:25:10.549,0.74344,0.74375,1.50,3.00
2016.03.17 06:25:16.559,0.74343,0.74375,1.75,1.75
2016.03.17 06:25:16.861,0.74346,0.74376,1.75,1.75
2016.03.17 06:25:24.359,0.74347,0.7437,1.00,1.00
2016.03.17 06:25:24.689,0.74343,0.74371,1.75,1.75
2016.03.17 06:25:43.886,0.74343,0.7437,1.75,1.75
2016.03.17 06:25:44.419,0.74342,0.7437,1.75,1.75
2016.03.17 06:25:50.149,0.74341,0.74372,1.75,1.75
2016.03.17 06:25:53.606,0.74341,0.74372,1.75,1.75
2016.03.17 06:25:53.657,0.74341,0.74372,1.75,1.75
2016.03.17 06:25:59.998,0.74341,0.7437,1.75,1.75
2016.03.17 06:26:00.099,0.74342,0.74365,1.00,1.00
2016.03.17 06:26:00.226,0.74341,0.74372,1.75,1.75
2016.03.17 06:26:00.743,0.74342,0.74373,1.75,2.25
2016.03.17 06:26:18.299,0.74341,0.74374,1.75,3.00
2016.03.17 06:26:19.712,0.74341,0.74372,1.75,1.75
2016.03.17 06:26:24.429,0.74342,0.74371,1.00,1.75
2016.03.17 06:26:39.399,0.7434,0.7437,1.75,1.75
2016.03.17 06:26:44.563,0.7434,0.74371,2.25,1.75
2016.03.17 06:26:45.319,0.7434,0.74371,2.25,1.75
2016.03.17 06:26:51.673,0.74341,0.74372,1.75,1.75
2016.03.17 06:26:52.250,0.74342,0.7437,1.75,1.75
2016.03.17 06:26:53.304,0.74342,0.7437,1.75,1.75
2016.03.17 06:26:56.498,0.7434,0.7437,1.75,2.25
2016.03.17 06:27:12.018,0.74341,0.74369,1.75,1.75
2016.03.17 06:27:12.564,0.74341,0.7437,1.75,2.25
2016.03.17 06:27:19.194,0.74345,0.7437,1.00,1.75
2016.03.17 06:27:19.729,0.74341,0.7437,1.75,1.75
2016.03.17 06:27:20.412,0.74344,0.74374,1.75,1.50
2016.03.17 06:27:20.463,0.74351,0.74374,1.00,1.50
2016.03.17 06:27:20.715,0.74346,0.74376,1.75,1.75
2016.03.17 06:27:20.766,0.74349,0.74372,1.00,1.00
2016.03.17 06:27:22.861,0.74342,0.74373,1.75,1.75
2016.03.17 06:27:23.171,0.74341,0.74372,1.75,1.75
2016.03.17 06:27:30.467,0.74345,0.74374,2.25,1.75
2016.03.17 06:27:30.815,0.7435,0.74379,1.50,1.75
2016.03.17 06:27:32.627,0.7435,0.74379,2.25,1.75
2016.03.17 06:27:32.678,0.7435,0.7438,2.25,2.25
2016.03.17 06:27:38.163,0.74349,0.74377,1.75,1.75
2016.03.17 06:27:38.465,0.74345,0.74375,2.25,2.25
2016.03.17 06:27:39.019,0.7435,0.74376,1.00,1.75
2016.03.17 06:27:39.679,0.74345,0.74375,1.75,1.75
2016.03.17 06:27:42.141,0.74345,0.74374,1.75,1.75
2016.03.17 06:27:42.191,0.74345,0.74374,1.75,1.75
2016.03.17 06:27:44.550,0.74344,0.74374,1.50,1.75
2016.03.17 06:27:44.651,0.74344,0.74374,1.50,1.75
2016.03.17 06:27:45.200,0.7435,0.74369,1.00,1.00
2016.03.17 06:27:45.435,0.74346,0.74369,1.00,1.00
2016.03.17 06:27:54.986,0.7435,0.74374,1.00,1.75
2016.03.17 06:27:55.087,0.74345,0.74375,1.12,3.00
2016.03.17 06:27:55.165,0.74345,0.74375,1.50,3.00
2016.03.17 06:27:55.216,0.74345,0.74375,1.75,3.00
2016.03.17 06:27:55.655,0.7435,0.74375,1.00,2.25
2016.03.17 06:27:56.608,0.74345,0.74375,1.75,2.25
2016.03.17 06:27:56.861,0.7435,0.74375,1.00,1.75
2016.03.17 06:27:57.157,0.74344,0.74373,1.75,1.75
2016.03.17 06:28:02.517,0.74345,0.74373,1.12,1.75
2016.03.17 06:28:02.830,0.74345,0.74373,1.75,1.75
2016.03.17 06:28:04.657,0.74345,0.74374,1.75,1.75
2016.03.17 06:28:07.632,0.7435,0.74376,1.00,3.00
2016.03.17 06:28:07.902,0.7435,0.74379,1.75,1.75
2016.03.17 06:28:08.242,0.7435,0.74378,1.12,1.75
2016.03.17 06:28:08.574,0.7435,0.74378,1.75,1.75
2016.03.17 06:28:14.095,0.74345,0.74375,1.75,2.25
2016.03.17 06:28:22.707,0.7435,0.74375,1.75,1.75
2016.03.17 06:28:30.707,0.74351,0.74381,1.50,1.75
2016.03.17 06:28:31.294,0.74354,0.74381,1.12,1.75
2016.03.17 06:28:35.497,0.74357,0.74381,1.12,1.75
2016.03.17 06:28:36.048,0.74357,0.74384,1.12,1.75
2016.03.17 06:28:36.497,0.74357,0.74384,1.00,1.75
2016.03.17 06:28:36.598,0.74354,0.74384,1.37,1.75
2016.03.17 06:28:52.129,0.74353,0.74383,1.00,3.00
2016.03.17 06:29:04.156,0.7435,0.74375,1.50,1.50
2016.03.17 06:29:04.207,0.7435,0.74373,1.00,1.00
2016.03.17 06:29:04.662,0.74347,0.74375,1.75,1.75
2016.03.17 06:29:04.763,0.74347,0.74375,1.00,1.75
2016.03.17 06:29:05.338,0.74348,0.74376,1.00,1.75
2016.03.17 06:29:05.840,0.74345,0.74375,2.25,2.25
2016.03.17 06:29:08.798,0.74341,0.7437,1.75,1.75
2016.03.17 06:29:27.849,0.7434,0.74365,1.75,1.50
2016.03.17 06:29:28.295,0.74338,0.74365,1.75,1.75
2016.03.17 06:29:30.327,0.74337,0.7436,1.75,1.12
2016.03.17 06:29:30.579,0.74334,0.74365,1.75,1.75
2016.03.17 06:29:32.039,0.74336,0.74365,1.75,1.75
2016.03.17 06:29:33.165,0.74335,0.74366,1.75,2.25
2016.03.17 06:29:33.266,0.74336,0.74359,1.00,1.00
2016.03.17 06:29:33.802,0.74335,0.74365,2.25,1.75
2016.03.17 06:29:34.539,0.74336,0.74366,1.75,2.25
2016.03.17 06:29:34.640,0.74337,0.74365,1.75,1.75
2016.03.17 06:29:35.041,0.74338,0.74365,3.00,1.37
2016.03.17 06:29:35.343,0.74339,0.74365,1.75,1.00
2016.03.17 06:29:35.941,0.7434,0.74369,1.75,1.75
2016.03.17 06:29:38.624,0.74341,0.7437,1.75,1.75
2016.03.17 06:29:38.926,0.7434,0.7437,1.50,3.00
2016.03.17 06:29:39.651,0.74338,0.74365,1.75,1.75
2016.03.17 06:29:40.646,0.74336,0.74363,1.75,1.00
2016.03.17 06:29:40.986,0.74335,0.74364,2.25,1.50
2016.03.17 06:29:41.087,0.74335,0.74364,2.25,1.50
2016.03.17 06:29:43.825,0.74334,0.74364,3.00,2.25
2016.03.17 06:29:43.876,0.74334,0.74364,3.00,2.25
2016.03.17 06:29:43.977,0.74334,0.74364,3.00,2.25
2016.03.17 06:29:44.078,0.7434,0.74362,1.00,1.00
2016.03.17 06:29:45.834,0.74335,0.74364,1.75,1.75
2016.03.17 06:29:45.885,0.74335,0.74365,1.75,1.75
2016.03.17 06:29:45.986,0.74335,0.74365,1.75,1.75
2016.03.17 06:29:46.616,0.74335,0.74365,1.50,1.75
2016.03.17 06:29:47.202,0.74335,0.7436,1.50,1.75
2016.03.17 06:29:48.995,0.74338,0.7436,1.00,1.75
2016.03.17 06:29:49.515,0.74339,0.74365,1.00,3.00
2016.03.17 06:29:49.565,0.74339,0.74365,1.00,1.75
2016.03.17 06:29:49.666,0.74339,0.74365,1.50,1.75
2016.03.17 06:29:49.915,0.74337,0.74365,1.37,1.75
2016.03.17 06:29:49.966,0.74331,0.74363,2.25,1.75
2016.03.17 06:29:50.016,0.74331,0.74361,2.25,1.75
2016.03.17 06:29:50.137,0.74331,0.74361,1.75,1.75
2016.03.17 06:29:50.199,0.74333,0.74361,1.00,1.75
2016.03.17 06:29:50.505,0.74332,0.74361,1.75,1.75
2016.03.17 06:29:55.200,0.74332,0.7436,1.00,1.37
2016.03.17 06:29:55.527,0.74332,0.74361,1.00,1.00
2016.03.17 06:29:55.829,0.7433,0.7436,1.50,1.00
2016.03.17 06:29:56.376,0.74331,0.7436,1.00,1.00
2016.03.17 06:30:00.128,0.74331,0.7436,1.00,1.37
2016.03.17 06:30:00.384,0.74331,0.7436,1.00,1.75
2016.03.17 06:30:00.600,0.74333,0.7436,1.00,1.00
2016.03.17 06:30:00.929,0.74335,0.74361,1.00,1.00
2016.03.17 06:30:01.654,0.74333,0.74361,1.00,1.50
2016.03.17 06:30:02.166,0.74335,0.74361,1.00,1.00
2016.03.17 06:30:02.719,0.74335,0.7436,1.00,1.00
2016.03.17 06:30:04.464,0.74335,0.74361,1.50,1.00
2016.03.17 06:30:05.326,0.74335,0.7436,1.00,1.00
2016.03.17 06:30:07.126,0.74334,0.7436,1.00,1.00
2016.03.17 06:30:07.176,0.74332,0.7436,1.00,1.00
2016.03.17 06:30:07.688,0.74331,0.74359,1.00,1.00
2016.03.17 06:30:08.331,0.7433,0.74359,1.00,1.00
2016.03.17 06:30:09.407,0.7433,0.74361,1.00,1.75
2016.03.17 06:30:09.907,0.74327,0.74355,1.00,1.00
2016.03.17 06:30:10.058,0.74327,0.7435,1.00,1.00
2016.03.17 06:30:10.209,0.74323,0.7435,1.00,1.00
2016.03.17 06:30:10.586,0.74326,0.7435,1.00,1.00
2016.03.17 06:30:10.907,0.74326,0.74352,1.12,2.25
2016.03.17 06:30:12.119,0.74326,0.7435,1.12,1.75
2016.03.17 06:30:14.518,0.74326,0.7435,1.37,1.75
2016.03.17 06:30:15.165,0.74326,0.7435,1.75,1.75
2016.03.17 06:30:27.053,0.74323,0.7435,1.75,1.75
2016.03.17 06:30:27.104,0.74325,0.74344,1.00,1.00
2016.03.17 06:30:27.154,0.74322,0.74346,1.37,2.25
2016.03.17 06:30:27.205,0.74322,0.74346,1.00,2.25
2016.03.17 06:30:27.256,0.74317,0.74343,1.75,2.25
2016.03.17 06:30:27.307,0.74317,0.74343,1.50,2.25
2016.03.17 06:30:28.281,0.74316,0.7434,1.12,1.75
2016.03.17 06:30:31.292,0.74315,0.7434,1.12,3.00
2016.03.17 06:30:32.160,0.74315,0.74334,1.37,1.00
2016.03.17 06:30:32.485,0.74311,0.7434,1.75,2.25
2016.03.17 06:30:36.863,0.74311,0.74338,1.75,2.25
2016.03.17 06:30:36.914,0.74311,0.74338,1.37,2.25
2016.03.17 06:30:37.116,0.7431,0.7434,2.25,3.75
2016.03.17 06:30:37.267,0.74309,0.74335,1.50,3.00
2016.03.17 06:30:37.318,0.74309,0.74335,1.12,3.00
2016.03.17 06:30:37.911,0.74306,0.74326,1.50,1.00
2016.03.17 06:30:52.595,0.74301,0.7433,1.75,2.25
2016.03.17 06:30:52.847,0.74297,0.74316,1.50,1.00
2016.03.17 06:31:01.035,0.7429,0.7432,1.75,1.75
2016.03.17 06:31:01.136,0.74294,0.74313,1.00,1.00
2016.03.17 06:31:02.843,0.74291,0.7432,1.75,1.75
2016.03.17 06:31:03.403,0.74291,0.7432,1.75,1.75
2016.03.17 06:31:04.020,0.74291,0.7432,1.75,1.75
2016.03.17 06:31:05.555,0.7429,0.74319,1.75,3.75
2016.03.17 06:31:05.656,0.7429,0.74316,1.37,2.25
2016.03.17 06:31:05.750,0.74287,0.74315,1.75,3.00
2016.03.17 06:31:06.304,0.7429,0.74315,1.00,2.25
2016.03.17 06:31:06.776,0.7429,0.74317,1.75,2.25
2016.03.17 06:31:06.827,0.7429,0.7432,1.75,1.75
2016.03.17 06:31:07.371,0.74295,0.74322,1.75,3.75
2016.03.17 06:31:07.472,0.74297,0.74317,1.00,1.00
2016.03.17 06:31:14.575,0.7429,0.74319,2.25,2.25
2016.03.17 06:31:14.676,0.7429,0.74318,1.75,2.25
2016.03.17 06:31:14.990,0.7429,0.74319,1.75,1.75
2016.03.17 06:31:20.065,0.74287,0.74315,1.75,1.75
2016.03.17 06:31:20.806,0.74287,0.74315,1.75,1.75
2016.03.17 06:31:20.907,0.74287,0.74315,1.75,1.75
2016.03.17 06:31:22.000,0.74287,0.74315,1.75,1.75
2016.03.17 06:31:22.381,0.74288,0.74315,1.75,1.75
2016.03.17 06:31:22.583,0.74289,0.74315,1.00,3.00
2016.03.17 06:31:22.925,0.74281,0.7431,3.75,1.75
2016.03.17 06:31:22.976,0.74281,0.7431,2.25,1.75
2016.03.17 06:31:23.178,0.74288,0.74307,1.00,1.00
2016.03.17 06:31:23.392,0.74284,0.74315,5.25,2.25
2016.03.17 06:31:23.702,0.74288,0.74315,1.75,1.75
2016.03.17 06:31:23.820,0.74288,0.74315,1.75,1.75
2016.03.17 06:31:24.368,0.74288,0.74316,1.75,1.75
2016.03.17 06:31:24.422,0.74288,0.74316,1.75,3.00
2016.03.17 06:31:24.624,0.74288,0.74308,1.00,1.00
2016.03.17 06:31:25.090,0.74284,0.7431,1.75,1.75
2016.03.17 06:31:25.401,0.74281,0.74307,1.75,1.75
2016.03.17 06:31:26.282,0.74284,0.7431,1.75,1.75
2016.03.17 06:31:26.394,0.74287,0.74306,1.00,1.00
2016.03.17 06:31:26.733,0.74282,0.74311,1.75,2.10
2016.03.17 06:31:26.784,0.74277,0.74305,2.25,1.75
2016.03.17 06:31:27.836,0.74277,0.74301,1.75,1.37
2016.03.17 06:31:27.887,0.74281,0.743,1.00,1.00
2016.03.17 06:31:28.292,0.74276,0.74305,2.25,2.25
2016.03.17 06:31:28.393,0.74277,0.74305,3.00,1.75
2016.03.17 06:31:29.206,0.74275,0.74302,5.25,1.50
2016.03.17 06:31:29.257,0.74275,0.74299,5.25,1.00
2016.03.17 06:31:29.497,0.74269,0.743,3.00,1.75
2016.03.17 06:31:29.598,0.74268,0.74299,1.75,2.25
2016.03.17 06:31:31.425,0.74267,0.74293,1.75,1.75
2016.03.17 06:31:37.137,0.74269,0.74297,3.00,1.75
2016.03.17 06:31:37.338,0.74275,0.74302,2.25,1.75
2016.03.17 06:31:37.651,0.74275,0.74304,2.25,1.75
2016.03.17 06:31:41.555,0.74273,0.74301,3.00,1.75
2016.03.17 06:31:47.492,0.74281,0.743,1.00,1.00
2016.03.17 06:31:47.655,0.74278,0.74306,1.75,1.75
2016.03.17 06:31:57.054,0.74282,0.7431,1.75,1.75
2016.03.17 06:31:57.472,0.74286,0.74315,1.75,3.00
2016.03.17 06:31:58.578,0.74289,0.74317,1.75,2.25
2016.03.17 06:31:58.679,0.74292,0.74319,1.37,2.25
2016.03.17 06:31:58.780,0.74295,0.74322,1.50,2.25
2016.03.17 06:31:58.982,0.74302,0.74322,1.00,1.00
2016.03.17 06:31:59.252,0.743,0.7433,1.75,3.00
2016.03.17 06:31:59.563,0.74304,0.74334,1.75,2.25
2016.03.17 06:31:59.981,0.74305,0.74337,2.25,2.25
2016.03.17 06:32:00.866,0.74311,0.7434,1.75,3.00
2016.03.17 06:32:01.485,0.7431,0.7434,2.25,1.75
2016.03.17 06:32:01.586,0.74318,0.74338,1.00,1.00
2016.03.17 06:32:01.787,0.74315,0.74342,1.75,2.25
2016.03.17 06:32:01.962,0.7432,0.74339,1.00,1.00
2016.03.17 06:32:02.063,0.74322,0.74341,1.00,1.00
2016.03.17 06:32:04.086,0.74321,0.74341,1.00,1.00
2016.03.17 06:32:06.207,0.74321,0.7434,1.00,1.00
2016.03.17 06:32:06.515,0.74313,0.74341,1.75,1.75
2016.03.17 06:32:11.804,0.74313,0.74341,1.37,1.37
2016.03.17 06:32:13.636,0.7431,0.74338,1.75,1.00
2016.03.17 06:32:13.687,0.7431,0.7434,1.50,2.25
2016.03.17 06:32:20.026,0.74307,0.74335,2.25,1.00
2016.03.17 06:32:20.127,0.74307,0.74335,2.25,1.12
2016.03.17 06:32:27.990,0.74309,0.74335,1.50,1.50
2016.03.17 06:32:28.494,0.74309,0.74335,1.75,1.75
2016.03.17 06:32:29.096,0.7431,0.74335,1.75,1.37
2016.03.17 06:32:29.146,0.7431,0.74335,1.75,1.00
2016.03.17 06:32:29.811,0.7431,0.7434,2.25,1.75
2016.03.17 06:32:32.649,0.74315,0.74337,1.50,1.00
2016.03.17 06:32:33.521,0.74313,0.7434,1.75,1.75
2016.03.17 06:32:34.319,0.74315,0.74345,1.75,6.75
2016.03.17 06:32:34.521,0.74319,0.74349,3.00,1.75
2016.03.17 06:32:36.630,0.74322,0.74345,1.75,1.00
2016.03.17 06:32:36.731,0.74322,0.74346,1.75,1.00
2016.03.17 06:32:39.058,0.74325,0.74355,1.75,1.75
2016.03.17 06:32:39.109,0.7433,0.7435,1.00,1.00
2016.03.17 06:32:39.198,0.74327,0.74355,1.75,1.75
2016.03.17 06:32:39.540,0.7433,0.7436,2.25,1.75
2016.03.17 06:32:44.062,0.74335,0.7436,1.00,2.25
2016.03.17 06:32:44.964,0.74333,0.74359,1.00,2.25
2016.03.17 06:32:45.266,0.74326,0.74355,1.75,1.75
2016.03.17 06:32:52.857,0.74326,0.74354,1.75,2.25
2016.03.17 06:32:52.958,0.74325,0.74354,3.00,2.25
2016.03.17 06:33:01.049,0.74321,0.7435,3.00,1.75
2016.03.17 06:33:01.100,0.74321,0.7435,1.75,1.75
2016.03.17 06:33:04.073,0.74319,0.74345,1.37,1.75
2016.03.17 06:33:04.123,0.74319,0.74345,1.12,3.00
2016.03.17 06:33:04.325,0.7431,0.7434,3.00,1.75
2016.03.17 06:33:07.004,0.74314,0.74344,1.75,2.25
2016.03.17 06:33:08.768,0.74311,0.7434,1.75,1.75
2016.03.17 06:33:09.283,0.74315,0.74334,1.00,1.00
2016.03.17 06:33:12.096,0.74311,0.7434,1.75,1.75
2016.03.17 06:33:17.434,0.74313,0.7434,1.75,1.75
2016.03.17 06:33:21.012,0.74313,0.7434,1.75,1.75
2016.03.17 06:33:21.592,0.74315,0.74335,1.00,1.00
2016.03.17 06:33:26.823,0.74314,0.7434,1.75,1.75
2016.03.17 06:33:27.336,0.74315,0.74344,1.75,3.00
2016.03.17 06:33:31.476,0.74315,0.74345,4.50,3.00
2016.03.17 06:33:31.527,0.74315,0.74345,4.50,1.75
2016.03.17 06:33:31.631,0.74315,0.74345,3.00,1.75
2016.03.17 06:33:32.156,0.74315,0.74345,1.75,1.75
2016.03.17 06:33:34.847,0.74315,0.74345,1.75,2.25
2016.03.17 06:33:50.384,0.74317,0.7434,1.75,1.00
2016.03.17 06:33:50.686,0.7432,0.74347,1.75,1.75
2016.03.17 06:34:19.115,0.7432,0.74346,1.50,3.00
2016.03.17 06:34:19.165,0.74316,0.74339,1.75,1.50
2016.03.17 06:34:19.216,0.74316,0.74339,1.75,1.50
2016.03.17 06:34:19.908,0.74314,0.74339,1.75,1.75
2016.03.17 06:34:20.319,0.74314,0.74339,1.75,1.75
2016.03.17 06:34:20.898,0.74315,0.74339,1.50,1.75
2016.03.17 06:34:22.423,0.74315,0.74335,1.50,1.00
2016.03.17 06:34:36.454,0.7431,0.7434,2.25,1.75
2016.03.17 06:34:39.081,0.74314,0.74342,1.75,2.25
2016.03.17 06:34:39.183,0.74314,0.74343,2.25,1.75
2016.03.17 06:34:39.697,0.74314,0.74345,2.25,3.00
2016.03.17 06:34:47.301,0.7432,0.74345,1.50,2.25
2016.03.17 06:34:47.402,0.74321,0.74348,1.00,2.25
2016.03.17 06:34:47.503,0.74319,0.74348,1.75,2.25
2016.03.17 06:34:47.600,0.74319,0.7435,1.75,2.25
2016.03.17 06:34:48.272,0.74325,0.74352,1.50,3.00
2016.03.17 06:34:52.112,0.74325,0.74345,1.50,1.00
2016.03.17 06:34:52.852,0.74325,0.74352,1.12,3.00
2016.03.17 06:34:52.902,0.74325,0.7435,1.12,2.25
2016.03.17 06:34:53.104,0.74319,0.74338,1.50,1.00
2016.03.17 06:34:53.579,0.74315,0.74343,1.75,2.25
2016.03.17 06:34:53.902,0.74315,0.74345,1.75,4.50
2016.03.17 06:34:56.972,0.7432,0.74345,1.50,2.25
2016.03.17 06:34:57.022,0.7432,0.74349,1.75,3.00
2016.03.17 06:34:57.202,0.74325,0.74351,1.50,1.75
2016.03.17 06:34:58.330,0.74319,0.7435,1.75,1.75
2016.03.17 06:34:58.935,0.7432,0.7435,1.75,3.75
2016.03.17 06:35:00.966,0.7432,0.74348,1.75,1.75
2016.03.17 06:35:01.017,0.7432,0.74348,1.75,3.00
2016.03.17 06:35:02.734,0.7432,0.74346,1.37,2.25
2016.03.17 06:35:02.834,0.7432,0.74345,1.00,3.00
2016.03.17 06:35:02.885,0.74315,0.74345,2.25,4.50
2016.03.17 06:35:02.936,0.74315,0.74344,2.25,2.25
2016.03.17 06:35:03.480,0.74315,0.74343,1.75,2.25
2016.03.17 06:35:04.401,0.74315,0.74342,1.37,3.00
2016.03.17 06:35:04.603,0.7431,0.74338,1.75,1.75
2016.03.17 06:35:07.179,0.74315,0.7434,1.00,1.75
2016.03.17 06:35:07.749,0.74315,0.7434,1.50,1.75
2016.03.17 06:35:12.820,0.74315,0.74341,1.50,1.75
2016.03.17 06:35:12.871,0.7432,0.74341,1.00,1.75
2016.03.17 06:35:13.022,0.7432,0.74341,1.12,1.75
2016.03.17 06:35:21.747,0.74315,0.74343,1.75,1.75
2016.03.17 06:35:22.793,0.74315,0.74344,1.75,4.50
2016.03.17 06:35:22.911,0.74315,0.74344,1.75,1.75
2016.03.17 06:35:23.881,0.74315,0.74341,1.50,1.75
2016.03.17 06:35:23.981,0.74315,0.7434,1.50,1.75
2016.03.17 06:35:24.183,0.74315,0.7434,1.75,1.75
2016.03.17 06:35:24.487,0.74315,0.74341,1.50,3.00
2016.03.17 06:35:24.653,0.74316,0.74336,1.00,1.00
2016.03.17 06:35:24.704,0.74315,0.74342,2.25,1.75
2016.03.17 06:35:24.754,0.7432,0.74343,1.12,1.75
2016.03.17 06:35:24.956,0.74325,0.74344,1.00,1.75
2016.03.17 06:35:25.057,0.74325,0.74341,1.00,1.00
2016.03.17 06:35:25.158,0.74325,0.74351,1.37,2.25
2016.03.17 06:35:25.309,0.74325,0.7435,1.37,2.25
2016.03.17 06:35:25.571,0.74325,0.74344,1.00,1.00
2016.03.17 06:35:26.900,0.74321,0.7435,1.75,1.75
2016.03.17 06:35:26.950,0.74321,0.7435,1.75,3.00
2016.03.17 06:35:27.473,0.74325,0.7435,1.00,2.25
2016.03.17 06:35:28.708,0.7432,0.7435,1.75,3.00
2016.03.17 06:35:28.905,0.7432,0.74347,1.37,2.25
2016.03.17 06:35:30.957,0.74319,0.74345,1.00,3.75
2016.03.17 06:35:31.810,0.7432,0.74344,1.00,1.75
2016.03.17 06:35:32.109,0.7432,0.74347,1.50,3.00
2016.03.17 06:35:40.781,0.7432,0.74348,1.50,4.50
2016.03.17 06:35:41.386,0.7432,0.74348,1.75,3.00
2016.03.17 06:35:43.984,0.7432,0.74348,1.75,1.75
2016.03.17 06:35:49.441,0.7432,0.74345,1.50,3.00
2016.03.17 06:35:49.542,0.7432,0.74347,1.50,3.00
2016.03.17 06:35:50.297,0.7432,0.74347,1.50,4.50
2016.03.17 06:35:56.011,0.7432,0.74345,1.50,1.75
2016.03.17 06:35:56.061,0.7432,0.74348,1.75,2.25
2016.03.17 06:35:56.601,0.74325,0.74351,1.12,4.50
2016.03.17 06:35:57.011,0.74325,0.74348,1.00,2.25
2016.03.17 06:35:57.061,0.7432,0.74348,1.50,2.25
2016.03.17 06:36:02.560,0.74325,0.74348,1.00,3.75
2016.03.17 06:36:02.661,0.74325,0.74349,1.75,1.75
2016.03.17 06:36:02.863,0.74325,0.74349,1.12,1.75
2016.03.17 06:36:10.045,0.7432,0.74348,1.75,1.75
2016.03.17 06:36:10.196,0.7432,0.74347,1.50,3.00
2016.03.17 06:36:11.234,0.74319,0.74348,1.75,2.25
2016.03.17 06:36:11.873,0.74319,0.74349,1.75,4.50
2016.03.17 06:36:16.646,0.7432,0.74347,1.75,3.00
2016.03.17 06:36:24.057,0.7432,0.74345,1.50,1.75
2016.03.17 06:36:24.152,0.7432,0.74339,1.50,1.00
2016.03.17 06:36:25.574,0.74315,0.74344,2.25,2.25
2016.03.17 06:36:30.169,0.74315,0.74344,1.75,1.75
2016.03.17 06:36:30.472,0.74315,0.74341,1.75,1.75
2016.03.17 06:36:30.775,0.74315,0.74343,1.75,1.75
2016.03.17 06:36:33.925,0.74321,0.74341,1.00,1.00
2016.03.17 06:36:34.458,0.74322,0.74342,1.00,1.00
2016.03.17 06:36:35.339,0.74325,0.74342,1.00,1.00
2016.03.17 06:36:35.490,0.74325,0.74344,1.37,1.00
2016.03.17 06:36:36.831,0.7432,0.74349,1.75,1.75
2016.03.17 06:36:37.041,0.74319,0.74349,2.25,4.50
2016.03.17 06:36:37.091,0.74319,0.74349,2.25,1.75
2016.03.17 06:36:37.514,0.74323,0.74343,1.00,1.00
2016.03.17 06:36:37.936,0.7432,0.7435,2.25,1.75
2016.03.17 06:36:39.041,0.74321,0.7435,1.75,1.75
2016.03.17 06:36:44.261,0.74325,0.74355,1.75,3.00
2016.03.17 06:36:44.363,0.74327,0.74355,1.75,1.75
2016.03.17 06:36:46.655,0.74326,0.74355,1.75,1.75
2016.03.17 06:36:46.956,0.7433,0.74349,1.00,1.00
2016.03.17 06:36:47.924,0.74329,0.74356,1.75,1.75
2016.03.17 06:36:47.975,0.74329,0.74356,1.75,1.75
2016.03.17 06:36:58.862,0.74329,0.74356,1.75,1.75
2016.03.17 06:36:59.409,0.7433,0.74355,1.50,1.75
2016.03.17 06:36:59.564,0.7433,0.74356,1.50,1.75
2016.03.17 06:36:59.966,0.74334,0.74353,1.00,1.00
2016.03.17 06:37:03.269,0.7433,0.74356,1.75,1.75
2016.03.17 06:37:05.161,0.74335,0.74358,1.00,2.25
2016.03.17 06:37:05.212,0.74335,0.74354,1.00,1.00
2016.03.17 06:37:05.262,0.7434,0.74354,1.00,1.00
2016.03.17 06:37:05.413,0.7434,0.74365,1.75,1.75
2016.03.17 06:37:06.314,0.74337,0.74369,2.25,1.75
2016.03.17 06:37:07.096,0.7434,0.74369,1.75,3.00
2016.03.17 06:37:10.279,0.74336,0.74365,2.25,4.50
2016.03.17 06:37:10.402,0.74335,0.7436,1.50,1.75
2016.03.17 06:37:10.504,0.74335,0.7436,1.12,1.75
2016.03.17 06:37:11.011,0.74335,0.74357,1.50,1.75
2016.03.17 06:37:12.877,0.74328,0.74354,2.25,2.25
2016.03.17 06:37:12.927,0.74325,0.74354,1.75,2.25
2016.03.17 06:37:13.028,0.74326,0.74345,1.00,1.00
2016.03.17 06:37:13.549,0.7432,0.74347,1.75,1.75
2016.03.17 06:37:13.650,0.7432,0.74347,1.75,1.75
2016.03.17 06:37:16.828,0.7432,0.74348,1.75,2.25
2016.03.17 06:37:16.879,0.7432,0.74348,3.00,2.25
2016.03.17 06:37:16.930,0.74321,0.74348,2.25,1.50
2016.03.17 06:37:17.560,0.74321,0.74345,2.25,1.00
2016.03.17 06:37:17.712,0.7432,0.74347,1.75,1.75
2016.03.17 06:37:18.260,0.74317,0.74346,3.75,2.25
2016.03.17 06:37:18.310,0.74321,0.7434,1.00,1.00
2016.03.17 06:37:18.361,0.74315,0.74344,3.00,1.75
2016.03.17 06:37:18.412,0.74323,0.74342,1.00,1.00
2016.03.17 06:37:18.462,0.74315,0.74343,3.00,1.75
2016.03.17 06:37:19.009,0.74314,0.74344,3.00,1.75
2016.03.17 06:37:19.169,0.74315,0.74341,2.25,1.00
2016.03.17 06:37:19.334,0.74314,0.74343,3.00,1.75
2016.03.17 06:37:27.752,0.74315,0.74345,3.75,1.75
2016.03.17 06:37:27.853,0.74317,0.74345,3.00,1.75
2016.03.17 06:37:28.272,0.74326,0.74346,1.00,1.00
2016.03.17 06:37:28.323,0.74325,0.7435,1.75,1.35
2016.03.17 06:37:28.574,0.7433,0.7435,1.00,1.00
2016.03.17 06:37:31.994,0.74325,0.74352,1.75,1.75
2016.03.17 06:37:32.533,0.74325,0.74352,1.75,1.75
2016.03.17 06:37:34.312,0.74322,0.7435,2.25,2.25
2016.03.17 06:37:34.363,0.7432,0.7435,3.75,2.85
2016.03.17 06:37:34.464,0.7432,0.74349,1.75,1.75
2016.03.17 06:37:36.229,0.7432,0.74349,1.75,1.75
2016.03.17 06:37:36.279,0.74326,0.74345,1.00,1.00
2016.03.17 06:37:36.380,0.74321,0.7435,2.25,1.75
2016.03.17 06:37:36.905,0.74323,0.7435,2.25,1.50
2016.03.17 06:37:37.059,0.74325,0.74353,1.75,1.75
2016.03.17 06:37:42.935,0.74325,0.74355,1.75,2.25
2016.03.17 06:37:42.986,0.74329,0.74348,1.00,1.00
2016.03.17 06:37:43.087,0.74325,0.74352,1.75,1.75
2016.03.17 06:37:44.173,0.74322,0.7435,1.75,1.75
2016.03.17 06:37:44.511,0.74324,0.74353,3.00,1.75
2016.03.17 06:37:44.849,0.74326,0.74355,3.00,1.75
2016.03.17 06:37:45.201,0.74325,0.74355,2.25,1.75
2016.03.17 06:37:46.994,0.74328,0.74359,1.75,3.00
2016.03.17 06:38:00.076,0.74326,0.74359,4.50,3.75
2016.03.17 06:38:00.127,0.74327,0.74359,2.25,1.75
2016.03.17 06:38:00.178,0.74327,0.74359,2.25,4.50
2016.03.17 06:38:00.228,0.74326,0.74355,1.75,1.75
2016.03.17 06:38:00.329,0.74327,0.74355,2.25,1.75
2016.03.17 06:38:00.810,0.74325,0.74354,2.25,1.75
2016.03.17 06:38:01.118,0.74322,0.7435,1.75,1.75
2016.03.17 06:38:02.107,0.74321,0.7435,1.75,1.75
2016.03.17 06:38:03.867,0.7432,0.74349,3.00,1.75
2016.03.17 06:38:03.918,0.74318,0.74345,1.75,1.75
2016.03.17 06:38:04.019,0.74318,0.74337,1.00,1.00
2016.03.17 06:38:04.343,0.74311,0.7434,1.75,1.75
2016.03.17 06:38:05.144,0.74309,0.7434,3.75,2.25
2016.03.17 06:38:05.245,0.74309,0.74334,1.75,1.35
2016.03.17 06:38:05.345,0.74303,0.74333,1.75,1.75
2016.03.17 06:38:05.648,0.74305,0.74334,1.75,1.35
2016.03.17 06:38:06.333,0.74311,0.7433,1.00,1.00
2016.03.17 06:38:06.897,0.74305,0.74332,1.75,1.75
2016.03.17 06:38:07.425,0.74305,0.74332,1.75,1.75
2016.03.17 06:38:07.727,0.743,0.7433,3.75,1.75
2016.03.17 06:38:12.047,0.743,0.74328,1.75,1.75
2016.03.17 06:38:18.048,0.74298,0.74325,1.75,1.75
2016.03.17 06:38:18.746,0.74297,0.74325,1.75,1.75
2016.03.17 06:38:20.451,0.74299,0.74325,1.75,1.75
2016.03.17 06:38:28.855,0.74301,0.7433,1.75,3.75
2016.03.17 06:38:28.906,0.74305,0.74325,1.00,1.00
2016.03.17 06:38:28.957,0.74301,0.7433,3.00,2.25
2016.03.17 06:38:29.058,0.74306,0.74325,1.00,1.00
2016.03.17 06:38:29.444,0.74304,0.74327,1.75,1.50
2016.03.17 06:38:29.845,0.74304,0.74326,1.75,1.12
2016.03.17 06:38:30.239,0.743,0.74325,1.75,1.37
2016.03.17 06:38:30.742,0.743,0.74329,1.75,1.75
2016.03.17 06:38:33.163,0.74299,0.74325,1.75,1.75
2016.03.17 06:38:33.264,0.74297,0.74326,2.25,1.75
2016.03.17 06:38:33.365,0.74296,0.74327,1.75,3.00
2016.03.17 06:38:33.681,0.74296,0.74326,1.75,2.25
2016.03.17 06:38:35.801,0.74295,0.74324,1.75,2.25
2016.03.17 06:38:35.994,0.74295,0.74322,1.75,2.25
2016.03.17 06:38:36.531,0.7429,0.74319,3.00,1.75
2016.03.17 06:38:37.359,0.74293,0.7432,1.75,1.75
2016.03.17 06:38:38.168,0.7429,0.7432,1.75,1.75
2016.03.17 06:38:41.605,0.7429,0.74315,1.75,1.75
2016.03.17 06:38:41.807,0.74288,0.74307,1.00,1.00
2016.03.17 06:38:41.908,0.74283,0.74313,1.75,3.00
2016.03.17 06:38:42.469,0.74281,0.74313,3.00,3.00
2016.03.17 06:38:43.181,0.74281,0.74313,3.00,1.75
2016.03.17 06:38:43.778,0.74285,0.74304,1.00,1.00
2016.03.17 06:38:47.073,0.74282,0.74307,1.75,1.75
2016.03.17 06:38:47.802,0.74282,0.74307,1.75,1.75
2016.03.17 06:38:50.880,0.74283,0.74306,1.75,1.12
2016.03.17 06:38:51.183,0.74285,0.7431,2.25,1.75
2016.03.17 06:38:53.427,0.74284,0.74308,1.75,1.75
2016.03.17 06:38:53.802,0.74283,0.74305,1.75,1.75
2016.03.17 06:38:53.904,0.74278,0.74304,1.75,1.75
2016.03.17 06:38:54.236,0.74277,0.74303,1.75,1.50
2016.03.17 06:38:54.746,0.74277,0.74301,1.75,1.00
2016.03.17 06:38:57.239,0.7428,0.74306,1.75,2.25
2016.03.17 06:39:04.229,0.7428,0.74306,1.75,1.75
2016.03.17 06:39:04.330,0.74283,0.74302,1.00,1.00
2016.03.17 06:39:04.431,0.7428,0.74307,3.00,2.25
2016.03.17 06:39:04.532,0.7429,0.7431,1.00,1.50
2016.03.17 06:39:04.800,0.74292,0.74312,1.00,1.00
2016.03.17 06:39:05.303,0.74294,0.74314,1.00,1.50
2016.03.17 06:39:05.607,0.74287,0.74314,1.75,1.75
2016.03.17 06:39:06.006,0.74287,0.74314,1.75,1.75
2016.03.17 06:39:12.126,0.74289,0.7431,1.00,1.87
2016.03.17 06:39:12.434,0.7428,0.7431,2.25,2.25
2016.03.17 06:39:14.023,0.74284,0.74305,1.00,1.37
2016.03.17 06:39:14.325,0.74275,0.74305,3.75,1.75
2016.03.17 06:39:20.447,0.74279,0.74298,1.00,1.00
2016.03.17 06:39:20.649,0.74275,0.74302,1.75,1.75
2016.03.17 06:39:20.968,0.74274,0.74302,2.25,1.50
2016.03.17 06:39:21.069,0.74274,0.743,1.75,1.75
2016.03.17 06:39:22.137,0.7428,0.743,1.00,1.75
2016.03.17 06:39:27.164,0.74275,0.743,2.25,1.12
2016.03.17 06:39:27.265,0.74276,0.74305,2.25,1.50
2016.03.17 06:39:27.417,0.74286,0.74306,1.00,1.50
2016.03.17 06:39:28.586,0.74285,0.7431,1.75,1.75
2016.03.17 06:39:30.066,0.74286,0.74315,1.75,1.75
2016.03.17 06:39:30.373,0.74291,0.74321,3.00,1.75
2016.03.17 06:39:33.246,0.7429,0.74321,3.75,1.75
2016.03.17 06:39:33.398,0.74288,0.74315,3.75,1.75
2016.03.17 06:39:34.689,0.74288,0.74315,1.75,1.75
2016.03.17 06:39:35.591,0.74288,0.74315,1.75,1.75
2016.03.17 06:39:36.296,0.74286,0.74314,3.00,1.75
2016.03.17 06:39:36.598,0.74289,0.74315,1.75,1.50
2016.03.17 06:39:37.083,0.74294,0.74313,1.00,1.00
2016.03.17 06:39:50.484,0.74292,0.74317,1.75,1.75
2016.03.17 06:39:50.535,0.74292,0.74317,1.75,1.75
2016.03.17 06:39:52.795,0.74295,0.74314,1.00,1.00
2016.03.17 06:40:01.739,0.74287,0.74316,1.75,1.75
2016.03.17 06:40:04.055,0.74289,0.74315,1.75,1.75
2016.03.17 06:40:05.438,0.74286,0.74314,1.75,1.75
2016.03.17 06:40:05.740,0.74287,0.74312,1.75,1.75
2016.03.17 06:40:07.416,0.74293,0.74313,1.00,1.00
2016.03.17 06:40:08.457,0.74292,0.74319,1.75,1.75
2016.03.17 06:40:19.165,0.74298,0.74317,1.00,1.00
2016.03.17 06:40:23.932,0.7429,0.7432,3.75,1.75
2016.03.17 06:40:24.267,0.7429,0.74321,1.75,2.25
2016.03.17 06:40:26.665,0.74296,0.74316,1.00,1.00
2016.03.17 06:40:36.886,0.7429,0.74318,3.75,1.75
2016.03.17 06:40:37.411,0.74295,0.74318,1.75,1.75
2016.03.17 06:40:41.289,0.74291,0.74318,1.75,1.75
2016.03.17 06:40:41.902,0.74291,0.74318,1.75,1.75
2016.03.17 06:40:43.986,0.74295,0.74315,1.00,1.00
2016.03.17 06:40:52.915,0.74292,0.74315,1.75,1.50
2016.03.17 06:40:53.016,0.74287,0.74315,1.75,1.75
2016.03.17 06:40:53.117,0.74289,0.74313,1.75,1.00
2016.03.17 06:41:02.945,0.74291,0.74317,1.75,3.00
2016.03.17 06:41:02.996,0.74291,0.74317,1.50,2.25
2016.03.17 06:41:03.248,0.74286,0.74315,1.75,2.25
2016.03.17 06:41:03.298,0.74286,0.74315,1.75,2.25
2016.03.17 06:41:05.936,0.74284,0.74312,1.75,2.25
2016.03.17 06:41:06.700,0.74283,0.7431,1.75,1.75
2016.03.17 06:41:07.002,0.74286,0.74315,1.75,1.75
2016.03.17 06:41:07.340,0.74287,0.74315,3.00,1.75
2016.03.17 06:41:08.365,0.74286,0.74315,5.25,1.75
2016.03.17 06:41:08.909,0.74286,0.74315,3.00,1.75
2016.03.17 06:41:09.010,0.74286,0.7431,1.75,1.12
2016.03.17 06:41:19.693,0.74286,0.74314,1.75,2.25
2016.03.17 06:41:20.354,0.74282,0.74314,1.75,2.25
2016.03.17 06:41:23.178,0.74284,0.74314,1.75,1.75
2016.03.17 06:41:23.980,0.74284,0.74307,1.75,1.00
2016.03.17 06:41:26.822,0.74283,0.7431,1.75,1.75
2016.03.17 06:41:27.167,0.7428,0.7431,2.25,2.25
2016.03.17 06:41:30.228,0.74279,0.74305,1.75,1.75
2016.03.17 06:41:33.225,0.74282,0.74305,1.00,2.25
2016.03.17 06:41:33.653,0.74277,0.74305,1.75,1.75
2016.03.17 06:41:35.038,0.74279,0.74306,1.75,1.75
2016.03.17 06:41:35.536,0.74276,0.74305,1.75,1.75
2016.03.17 06:41:35.759,0.74279,0.74299,1.00,1.00
2016.03.17 06:41:35.860,0.74271,0.74301,3.00,1.75
2016.03.17 06:41:36.124,0.74276,0.74296,1.00,1.50
2016.03.17 06:41:36.226,0.7427,0.74296,1.75,1.50
2016.03.17 06:41:36.277,0.74274,0.74294,1.00,1.00
2016.03.17 06:41:38.291,0.74268,0.74295,1.75,1.75
2016.03.17 06:41:38.648,0.74269,0.74295,1.75,1.75
2016.03.17 06:41:42.744,0.74268,0.74295,1.75,1.75
2016.03.17 06:41:42.795,0.74268,0.74294,1.75,1.75
2016.03.17 06:41:42.946,0.74266,0.7429,1.37,3.00
2016.03.17 06:41:42.996,0.74263,0.7429,1.75,3.00
2016.03.17 06:41:49.353,0.7426,0.7429,3.00,2.25
2016.03.17 06:41:49.605,0.74264,0.7429,1.75,1.50
2016.03.17 06:41:50.050,0.74263,0.7429,1.75,1.50
2016.03.17 06:41:50.554,0.74263,0.7429,1.75,1.75
2016.03.17 06:41:54.905,0.7426,0.7429,2.25,1.75
2016.03.17 06:41:55.006,0.74262,0.74288,2.25,1.50
2016.03.17 06:41:55.107,0.74265,0.74285,1.00,1.00
2016.03.17 06:42:00.348,0.74261,0.74289,1.75,3.00
2016.03.17 06:42:00.650,0.74257,0.74286,1.75,3.00
2016.03.17 06:42:01.584,0.74263,0.74283,1.00,1.00
2016.03.17 06:42:01.685,0.7426,0.74288,1.75,3.00
2016.03.17 06:42:02.274,0.7426,0.74289,2.25,2.25
2016.03.17 06:42:02.848,0.74262,0.7429,1.75,1.75
2016.03.17 06:42:02.999,0.74264,0.74292,1.75,3.00
2016.03.17 06:42:03.100,0.74269,0.74288,1.00,1.00
2016.03.17 06:42:05.712,0.74265,0.74293,1.75,4.50
2016.03.17 06:42:06.034,0.7426,0.74289,1.75,1.75
2016.03.17 06:42:12.120,0.74259,0.74288,2.25,4.50
2016.03.17 06:42:15.526,0.74259,0.74288,2.25,1.75
2016.03.17 06:42:17.219,0.7426,0.74288,2.25,3.75
2016.03.17 06:42:17.521,0.74258,0.74285,1.50,1.75
2016.03.17 06:42:26.534,0.74261,0.74281,1.00,1.00
2016.03.17 06:42:28.567,0.74257,0.74285,2.25,1.75
2016.03.17 06:42:28.617,0.74257,0.74286,2.25,2.25
2016.03.17 06:42:30.624,0.74256,0.74286,3.00,1.75
2016.03.17 06:42:30.725,0.74262,0.74282,1.00,1.00
2016.03.17 06:42:38.438,0.7426,0.7429,1.75,4.50
2016.03.17 06:42:38.740,0.7426,0.7429,2.25,1.75
2016.03.17 06:42:39.055,0.74265,0.74294,1.75,1.75
2016.03.17 06:42:43.033,0.74265,0.74295,1.75,4.50
2016.03.17 06:42:43.084,0.74271,0.74291,1.00,1.00
2016.03.17 06:42:45.273,0.74265,0.74294,2.25,1.75
2016.03.17 06:42:48.349,0.74262,0.7429,2.25,1.75
2016.03.17 06:42:48.400,0.74265,0.74284,1.00,1.00
2016.03.17 06:42:48.592,0.74258,0.74289,1.75,1.75
2016.03.17 06:42:52.112,0.74257,0.74287,1.75,1.75
2016.03.17 06:42:52.735,0.74255,0.74278,3.75,1.00
2016.03.17 06:42:52.786,0.74252,0.74278,2.25,1.50
2016.03.17 06:42:52.887,0.7425,0.74278,1.75,1.75
2016.03.17 06:42:58.164,0.74249,0.74278,2.25,1.75
2016.03.17 06:42:58.732,0.74248,0.74278,2.25,1.75
2016.03.17 06:43:02.407,0.74246,0.74277,3.00,1.75
2016.03.17 06:43:12.917,0.74245,0.74275,2.25,1.75
2016.03.17 06:43:13.018,0.74248,0.74268,1.00,1.00
2016.03.17 06:43:13.656,0.74245,0.74274,1.75,1.75
2016.03.17 06:43:14.519,0.74245,0.74275,1.75,1.75
2016.03.17 06:43:14.619,0.7425,0.74276,1.75,1.75
2016.03.17 06:43:17.244,0.74247,0.74275,1.75,1.75
2016.03.17 06:43:17.345,0.74246,0.74275,1.75,1.75
2016.03.17 06:43:22.844,0.74242,0.7427,3.75,2.25
2016.03.17 06:43:23.483,0.74241,0.7427,3.75,2.25
2016.03.17 06:43:24.016,0.7424,0.7427,3.75,2.25
2016.03.17 06:43:24.303,0.7424,0.7427,3.75,2.25
2016.03.17 06:43:31.234,0.74241,0.7427,1.75,1.75
2016.03.17 06:43:31.762,0.74241,0.7427,1.75,1.75
2016.03.17 06:43:32.245,0.74241,0.7427,1.75,1.75
2016.03.17 06:43:32.553,0.7424,0.7427,1.75,1.75
2016.03.17 06:43:33.632,0.7424,0.7427,1.75,1.75
2016.03.17 06:43:33.682,0.74247,0.74267,1.00,1.00
2016.03.17 06:43:35.342,0.74244,0.74272,1.75,2.10
2016.03.17 06:43:35.494,0.74244,0.7427,1.75,1.75
2016.03.17 06:43:35.844,0.74247,0.7427,1.00,1.75
2016.03.17 06:43:38.439,0.74244,0.7427,1.75,2.25
2016.03.17 06:43:39.168,0.74244,0.7427,1.75,2.25
2016.03.17 06:43:47.878,0.74245,0.74273,1.75,1.75
2016.03.17 06:43:48.193,0.74245,0.74274,2.25,1.75
2016.03.17 06:43:48.294,0.74246,0.74274,2.25,1.75
2016.03.17 06:43:48.625,0.7425,0.74277,1.75,1.75
2016.03.17 06:43:51.694,0.74246,0.74275,1.75,1.75
2016.03.17 06:43:51.896,0.74246,0.74273,1.75,2.10
2016.03.17 06:43:51.997,0.74244,0.7427,1.75,1.75
2016.03.17 06:43:54.774,0.74241,0.7427,1.75,2.25
2016.03.17 06:43:54.825,0.74241,0.7427,1.75,2.25
2016.03.17 06:43:54.976,0.74245,0.7427,1.00,3.00
2016.03.17 06:43:56.001,0.7424,0.74264,1.75,1.75
2016.03.17 06:43:56.437,0.74235,0.74264,1.75,1.75
2016.03.17 06:44:00.623,0.74235,0.74264,1.75,2.25
2016.03.17 06:44:02.932,0.74235,0.74265,2.25,1.75
2016.03.17 06:44:14.204,0.74235,0.74264,5.25,1.75
2016.03.17 06:44:14.456,0.74241,0.74267,2.25,1.50
2016.03.17 06:44:16.352,0.74243,0.7427,2.25,2.25
2016.03.17 06:44:16.831,0.74245,0.7427,3.00,1.50
2016.03.17 06:44:17.133,0.74243,0.7427,2.25,1.87
2016.03.17 06:44:17.234,0.74249,0.74269,1.00,1.50
2016.03.17 06:44:17.335,0.74241,0.74266,2.25,1.37
2016.03.17 06:44:17.385,0.74245,0.74264,1.00,1.00
2016.03.17 06:44:27.262,0.7424,0.74265,3.00,1.50
2016.03.17 06:44:27.583,0.74245,0.7427,1.37,2.47
2016.03.17 06:44:27.734,0.74245,0.7427,1.75,1.50
2016.03.17 06:44:27.936,0.74245,0.7427,3.00,1.00
2016.03.17 06:44:29.881,0.7425,0.74276,1.75,1.75
2016.03.17 06:44:29.931,0.7425,0.74276,1.75,1.75
2016.03.17 06:44:29.982,0.74251,0.7428,3.75,1.75
2016.03.17 06:44:30.033,0.74259,0.74279,1.00,1.00
2016.03.17 06:44:30.084,0.74251,0.7428,5.25,1.75
2016.03.17 06:44:31.244,0.7425,0.7428,5.25,1.75
2016.03.17 06:44:32.039,0.74258,0.74277,1.00,1.00
2016.03.17 06:44:33.746,0.74252,0.7428,1.75,1.75
2016.03.17 06:44:33.847,0.74259,0.74279,1.00,1.00
2016.03.17 06:44:34.383,0.7426,0.74285,1.37,1.75
2016.03.17 06:44:34.698,0.74257,0.74285,2.25,1.75
2016.03.17 06:44:35.150,0.74265,0.74287,1.75,1.50
2016.03.17 06:44:35.351,0.7426,0.74288,1.75,1.75
2016.03.17 06:44:36.070,0.7426,0.74288,1.75,1.75
2016.03.17 06:44:36.949,0.7426,0.74287,1.75,1.75
2016.03.17 06:44:37.254,0.74258,0.74285,2.25,1.75
2016.03.17 06:44:37.355,0.74258,0.74285,2.25,1.37
2016.03.17 06:44:37.456,0.7426,0.74288,3.00,1.75
2016.03.17 06:44:38.046,0.74267,0.74286,1.00,1.00
2016.03.17 06:44:38.886,0.74262,0.74291,2.25,1.75
2016.03.17 06:44:39.419,0.74262,0.7429,2.25,1.75
2016.03.17 06:44:41.061,0.74264,0.7429,2.25,1.75
2016.03.17 06:44:41.746,0.74264,0.7429,2.25,1.37
2016.03.17 06:44:44.166,0.7427,0.7429,1.00,1.37
2016.03.17 06:44:44.993,0.74264,0.7429,2.25,1.50
2016.03.17 06:44:46.171,0.74265,0.74294,1.75,2.10
2016.03.17 06:44:46.711,0.74268,0.7429,1.00,1.75
2016.03.17 06:44:46.873,0.74261,0.7429,1.75,1.75
2016.03.17 06:44:47.510,0.74261,0.7429,1.75,1.75
2016.03.17 06:44:48.049,0.74261,0.7429,1.75,1.75
2016.03.17 06:44:50.077,0.7426,0.74289,1.75,1.75
2016.03.17 06:44:50.178,0.74264,0.74283,1.00,1.00
2016.03.17 06:44:50.732,0.7426,0.7429,1.75,1.75
2016.03.17 06:44:52.182,0.7426,0.7429,2.25,1.75
2016.03.17 06:44:52.705,0.74266,0.74285,1.00,1.00
2016.03.17 06:44:52.992,0.7426,0.7429,1.75,2.25
2016.03.17 06:44:53.627,0.7426,0.7429,1.75,2.25
2016.03.17 06:44:54.792,0.7426,0.74289,1.75,1.75
2016.03.17 06:44:54.893,0.74258,0.74285,1.75,1.75
2016.03.17 06:44:55.195,0.74251,0.74281,1.75,1.75
2016.03.17 06:44:55.700,0.74251,0.7428,1.75,1.75
2016.03.17 06:44:56.002,0.74252,0.7428,1.75,1.75
2016.03.17 06:44:56.267,0.7425,0.7428,3.75,2.25
2016.03.17 06:44:58.915,0.74251,0.7428,3.75,2.25
2016.03.17 06:45:01.422,0.74251,0.7428,3.00,1.75
2016.03.17 06:45:01.523,0.7425,0.74278,2.25,1.75
2016.03.17 06:45:01.574,0.7425,0.74278,2.25,1.75
2016.03.17 06:45:01.624,0.74254,0.74274,1.00,1.00
2016.03.17 06:45:01.972,0.74247,0.74275,1.75,1.75
2016.03.17 06:45:02.541,0.7425,0.7428,1.75,1.75
2016.03.17 06:45:07.798,0.74255,0.7428,1.50,1.75
2016.03.17 06:45:07.849,0.74259,0.74279,1.00,1.00
2016.03.17 06:45:12.218,0.74256,0.74285,1.75,1.75
2016.03.17 06:45:12.268,0.74262,0.74282,1.00,1.00
2016.03.17 06:45:12.319,0.7426,0.74286,1.75,1.75
2016.03.17 06:45:13.107,0.7426,0.7429,2.25,2.25
2016.03.17 06:45:15.139,0.74265,0.74285,1.00,1.00
2016.03.17 06:45:15.240,0.74261,0.74291,1.75,3.75
2016.03.17 06:45:15.741,0.7426,0.7429,3.75,1.75
2016.03.17 06:45:16.659,0.7426,0.7429,5.25,1.75
2016.03.17 06:45:16.760,0.74268,0.74288,1.00,1.00
2016.03.17 06:45:27.034,0.74265,0.74292,1.75,1.75
2016.03.17 06:45:27.085,0.7427,0.7429,1.00,1.00
2016.03.17 06:45:31.952,0.7427,0.74298,1.50,3.00
2016.03.17 06:45:32.292,0.7427,0.74301,1.75,3.75
2016.03.17 06:45:34.746,0.74275,0.74301,1.50,3.75
2016.03.17 06:45:34.897,0.74275,0.74304,1.75,3.00
2016.03.17 06:45:34.985,0.74276,0.74304,2.25,1.50
2016.03.17 06:45:35.036,0.74284,0.74304,1.00,1.00
2016.03.17 06:45:35.086,0.74277,0.74307,1.75,3.00
2016.03.17 06:45:35.388,0.74277,0.74305,1.75,4.50
2016.03.17 06:45:35.489,0.74277,0.74304,1.50,3.75
2016.03.17 06:45:35.590,0.74276,0.74306,1.75,3.00
2016.03.17 06:45:38.721,0.74276,0.74305,1.75,3.75
2016.03.17 06:45:39.525,0.7428,0.74299,1.00,1.00
2016.03.17 06:45:39.626,0.74276,0.74304,1.75,2.25
2016.03.17 06:45:43.229,0.74276,0.74306,1.75,3.00
2016.03.17 06:45:43.764,0.74278,0.74306,1.75,2.25
2016.03.17 06:45:43.814,0.74282,0.74302,1.00,1.00
2016.03.17 06:45:47.601,0.74277,0.74305,1.75,1.75
2016.03.17 06:45:47.652,0.74277,0.74305,1.75,1.75
2016.03.17 06:45:47.702,0.74274,0.74304,1.75,3.00
2016.03.17 06:45:47.753,0.74276,0.74296,1.00,1.00
2016.03.17 06:45:53.822,0.74275,0.74304,2.25,2.25
2016.03.17 06:45:54.133,0.74277,0.74307,1.75,1.75
2016.03.17 06:45:57.992,0.74278,0.74308,1.75,4.50
2016.03.17 06:45:58.043,0.74278,0.74307,1.75,2.25
2016.03.17 06:46:00.097,0.74277,0.74306,1.75,2.25
2016.03.17 06:46:00.148,0.74279,0.74298,1.00,1.00
2016.03.17 06:46:01.319,0.74271,0.74303,3.00,1.75
2016.03.17 06:46:01.369,0.74271,0.743,1.75,1.75
2016.03.17 06:46:01.420,0.74271,0.743,1.75,1.75
2016.03.17 06:46:01.471,0.74271,0.743,1.75,3.00
2016.03.17 06:46:01.521,0.74271,0.743,1.75,3.00
2016.03.17 06:46:01.572,0.7427,0.743,3.75,2.25
2016.03.17 06:46:01.673,0.74275,0.74294,1.00,1.00
2016.03.17 06:46:02.057,0.7427,0.74299,1.75,1.75
2016.03.17 06:46:03.075,0.7427,0.74299,1.75,3.00
2016.03.17 06:46:04.056,0.7427,0.74298,1.75,1.75
2016.03.17 06:46:05.252,0.7427,0.74298,1.75,1.75
2016.03.17 06:46:06.621,0.74275,0.743,1.67,1.87
2016.03.17 06:46:06.672,0.74277,0.743,1.75,1.12
2016.03.17 06:46:06.891,0.74275,0.74301,1.75,1.75
2016.03.17 06:46:07.193,0.7427,0.743,1.75,2.25
2016.03.17 06:46:09.051,0.74269,0.74297,1.75,1.75
2016.03.17 06:46:09.102,0.74269,0.74297,1.75,1.75
2016.03.17 06:46:10.120,0.74269,0.74295,1.75,1.75
2016.03.17 06:46:10.880,0.74266,0.74295,1.75,1.75
2016.03.17 06:46:11.366,0.74265,0.74295,2.25,1.75
2016.03.17 06:46:11.670,0.74265,0.74295,2.25,1.75
2016.03.17 06:46:11.771,0.74265,0.74295,2.25,1.75
2016.03.17 06:46:12.355,0.74265,0.74295,2.25,1.75
2016.03.17 06:46:12.470,0.74268,0.74295,3.75,1.50
2016.03.17 06:46:12.521,0.74268,0.74295,3.75,1.75
2016.03.17 06:46:12.572,0.74272,0.74292,1.00,1.00
2016.03.17 06:46:12.622,0.74267,0.74295,1.75,1.75
2016.03.17 06:46:12.773,0.74272,0.74292,1.00,1.00
2016.03.17 06:46:13.310,0.74271,0.74291,1.00,1.00
2016.03.17 06:46:14.532,0.74267,0.74295,1.75,3.00
2016.03.17 06:46:14.583,0.74267,0.74294,1.75,2.25
2016.03.17 06:46:14.684,0.7427,0.74289,1.00,1.00
2016.03.17 06:46:15.330,0.74265,0.74295,2.25,1.75
2016.03.17 06:46:17.071,0.74262,0.7429,1.75,1.75
2016.03.17 06:46:23.959,0.74265,0.74293,1.75,4.50
2016.03.17 06:46:24.568,0.74265,0.74293,1.75,1.75
2016.03.17 06:46:29.120,0.74265,0.74294,1.75,1.75
2016.03.17 06:46:29.221,0.74265,0.74294,1.75,1.75
2016.03.17 06:46:29.879,0.74265,0.74294,2.25,1.75
2016.03.17 06:46:31.096,0.74266,0.74295,1.75,1.75
2016.03.17 06:46:31.147,0.74269,0.74289,1.00,1.00
2016.03.17 06:46:36.491,0.74264,0.74294,2.25,2.25
2016.03.17 06:46:36.832,0.74256,0.7428,3.00,1.00
2016.03.17 06:46:36.933,0.74256,0.74284,1.75,1.35
2016.03.17 06:46:37.034,0.74252,0.7428,1.75,1.75
2016.03.17 06:46:37.551,0.74258,0.74277,1.00,1.00
2016.03.17 06:46:38.403,0.74252,0.74281,1.75,1.75
2016.03.17 06:46:39.180,0.74252,0.74281,3.00,1.75
2016.03.17 06:46:41.556,0.74259,0.74283,1.50,1.75
2016.03.17 06:46:42.151,0.74259,0.74284,1.75,1.75
2016.03.17 06:46:43.671,0.74262,0.74288,1.50,1.75
2016.03.17 06:46:43.773,0.74262,0.74294,1.75,3.00
2016.03.17 06:46:43.874,0.74269,0.74289,1.00,1.00
2016.03.17 06:46:46.798,0.74265,0.74296,1.75,3.00
2016.03.17 06:46:47.101,0.74275,0.74304,3.00,1.75
2016.03.17 06:46:47.151,0.74275,0.74304,1.75,1.75
2016.03.17 06:46:47.680,0.74275,0.74304,1.75,1.75
2016.03.17 06:46:47.941,0.7428,0.74306,1.50,1.75
2016.03.17 06:46:48.158,0.7428,0.74306,1.75,1.75
2016.03.17 06:46:51.959,0.7428,0.74307,1.75,1.75
2016.03.17 06:46:52.282,0.74281,0.7431,1.75,1.75
2016.03.17 06:46:53.078,0.74285,0.74311,1.37,1.75
2016.03.17 06:46:55.360,0.7428,0.7431,2.25,4.50
2016.03.17 06:46:56.090,0.7428,0.74305,1.75,1.75
2016.03.17 06:46:56.191,0.74279,0.74305,1.75,1.75
2016.03.17 06:46:58.990,0.74275,0.74304,1.75,2.25
2016.03.17 06:46:59.041,0.74275,0.74304,1.75,2.25
2016.03.17 06:46:59.343,0.74276,0.74296,1.00,1.00
2016.03.17 06:47:01.091,0.7427,0.74299,1.75,1.75
2016.03.17 06:47:01.220,0.7427,0.74299,1.75,1.75
2016.03.17 06:47:04.082,0.74274,0.74295,1.00,1.37
2016.03.17 06:47:05.632,0.74267,0.74296,1.75,1.75
2016.03.17 06:47:07.191,0.74265,0.74294,3.00,1.75
2016.03.17 06:47:07.242,0.7427,0.7429,1.00,1.00
2016.03.17 06:47:07.708,0.74267,0.74294,1.75,1.75
2016.03.17 06:47:07.759,0.74273,0.74293,1.00,1.00
2016.03.17 06:47:08.011,0.74266,0.74293,2.25,3.00
2016.03.17 06:47:08.061,0.74265,0.74293,1.75,3.00
2016.03.17 06:47:08.423,0.74264,0.7429,1.75,1.75
2016.03.17 06:47:08.932,0.74265,0.74294,2.25,1.75
2016.03.17 06:47:09.133,0.74269,0.74299,2.25,3.00
2016.03.17 06:47:09.436,0.74271,0.743,1.75,1.75
2016.03.17 06:47:09.649,0.74275,0.74295,1.50,1.00
2016.03.17 06:47:10.617,0.74275,0.74298,1.00,1.75
2016.03.17 06:47:11.943,0.74267,0.74294,1.75,1.75
2016.03.17 06:47:12.044,0.74265,0.74294,1.75,1.75
2016.03.17 06:47:12.145,0.74265,0.74294,1.12,1.75
2016.03.17 06:47:13.447,0.74266,0.74292,1.00,1.00
2016.03.17 06:47:13.498,0.7427,0.74292,1.00,1.00
2016.03.17 06:47:17.241,0.74265,0.74293,1.75,1.00
2016.03.17 06:47:17.645,0.74265,0.74291,1.00,1.00
2016.03.17 06:47:17.746,0.74265,0.74291,1.00,1.75
2016.03.17 06:47:18.333,0.74264,0.74289,1.12,1.12
2016.03.17 06:47:18.897,0.74264,0.74289,1.00,1.50
2016.03.17 06:47:19.696,0.7426,0.74289,1.12,1.50
2016.03.17 06:47:20.133,0.7426,0.74288,1.12,1.37
2016.03.17 06:47:21.558,0.7426,0.74286,1.00,1.75
2016.03.17 06:47:21.661,0.7426,0.74286,1.00,1.00
2016.03.17 06:47:25.438,0.7426,0.74288,1.37,2.25
2016.03.17 06:47:27.056,0.74265,0.7429,1.37,4.50
2016.03.17 06:47:27.107,0.74267,0.74287,1.00,1.00
2016.03.17 06:47:29.548,0.74267,0.7429,1.00,1.75
2016.03.17 06:47:30.060,0.74265,0.74289,1.75,1.75
2016.03.17 06:47:31.430,0.74265,0.7429,1.75,1.75
2016.03.17 06:47:31.481,0.7427,0.74289,1.00,1.00
2016.03.17 06:47:31.582,0.74265,0.74295,2.17,2.25
2016.03.17 06:47:31.892,0.74269,0.74297,1.75,1.75
2016.03.17 06:47:32.203,0.74275,0.74295,1.00,1.00
2016.03.17 06:47:32.305,0.74271,0.743,1.75,1.75
2016.03.17 06:47:32.880,0.74275,0.74302,1.75,1.75
2016.03.17 06:47:33.212,0.74275,0.74302,1.75,1.75
2016.03.17 06:47:33.815,0.74275,0.74296,1.75,1.00
2016.03.17 06:47:35.024,0.7428,0.74304,1.00,2.25
2016.03.17 06:47:35.361,0.7429,0.74307,1.00,2.25
2016.03.17 06:47:35.411,0.74295,0.7432,1.00,3.00
2016.03.17 06:47:35.512,0.74295,0.74321,1.75,1.75
2016.03.17 06:47:35.613,0.74298,0.74318,1.00,1.00
2016.03.17 06:47:35.664,0.743,0.74318,1.00,1.00
2016.03.17 06:47:35.973,0.743,0.74328,1.95,1.00
2016.03.17 06:47:36.024,0.74303,0.7433,1.50,1.12
2016.03.17 06:47:36.125,0.74303,0.74328,1.50,1.00
2016.03.17 06:47:36.226,0.74301,0.7433,1.12,1.75
2016.03.17 06:47:36.327,0.74301,0.7433,1.00,1.75
2016.03.17 06:47:36.629,0.74302,0.7433,1.75,1.00
2016.03.17 06:47:37.392,0.74302,0.74325,2.25,1.00
2016.03.17 06:47:37.489,0.74302,0.7433,2.25,1.00
2016.03.17 06:47:37.640,0.74303,0.74325,1.75,1.00
2016.03.17 06:47:37.936,0.743,0.74325,1.27,1.00
2016.03.17 06:47:38.036,0.743,0.74325,1.37,1.00
2016.03.17 06:47:38.137,0.743,0.74325,1.20,1.00
2016.03.17 06:47:38.307,0.743,0.74325,1.50,1.00
2016.03.17 06:47:39.222,0.743,0.74325,1.20,1.00
2016.03.17 06:47:39.602,0.74301,0.7433,1.75,1.50
2016.03.17 06:47:42.520,0.74301,0.74329,1.50,1.00
2016.03.17 06:47:42.719,0.743,0.7433,1.95,1.75
2016.03.17 06:47:45.495,0.74302,0.7433,1.00,1.75
2016.03.17 06:47:46.052,0.74302,0.7433,1.00,1.75
2016.03.17 06:47:47.154,0.743,0.7433,1.00,3.00
2016.03.17 06:47:48.928,0.74299,0.7433,1.87,2.25
2016.03.17 06:47:49.518,0.743,0.7433,1.00,2.25
2016.03.17 06:47:50.190,0.743,0.7433,3.37,1.75
2016.03.17 06:47:53.650,0.743,0.74327,1.65,1.50
2016.03.17 06:47:53.801,0.743,0.74327,1.27,1.75
2016.03.17 06:47:53.902,0.74297,0.74325,1.12,1.75
2016.03.17 06:47:54.433,0.74298,0.74326,1.00,1.75
2016.03.17 06:47:56.173,0.74297,0.74326,1.12,1.75
2016.03.17 06:47:56.409,0.74297,0.74324,1.00,1.75
2016.03.17 06:47:58.278,0.74295,0.74325,2.40,2.25
2016.03.17 06:47:58.590,0.74295,0.74325,1.50,3.00
2016.03.17 06:47:59.150,0.74294,0.74325,1.87,3.00
2016.03.17 06:48:00.930,0.74294,0.74325,2.25,3.00
2016.03.17 06:48:01.058,0.74296,0.74325,1.12,1.75
2016.03.17 06:48:01.210,0.74297,0.74325,1.50,2.25
2016.03.17 06:48:01.518,0.743,0.74327,1.00,1.75
2016.03.17 06:48:01.619,0.743,0.74327,1.50,1.50
2016.03.17 06:48:02.242,0.743,0.74328,1.12,1.75
2016.03.17 06:48:02.618,0.743,0.74328,1.00,2.25
2016.03.17 06:48:03.229,0.74296,0.74325,1.50,1.75
2016.03.17 06:48:03.484,0.74295,0.74323,2.25,1.00
2016.03.17 06:48:03.585,0.74295,0.74323,2.25,1.50
2016.03.17 06:48:07.163,0.74295,0.74325,1.37,3.00
2016.03.17 06:48:07.264,0.74295,0.74324,1.12,1.75
2016.03.17 06:48:08.930,0.7429,0.74321,2.17,1.50
2016.03.17 06:48:09.435,0.74289,0.74319,1.75,1.50
2016.03.17 06:48:09.999,0.74289,0.74319,1.75,1.50
2016.03.17 06:48:10.339,0.7429,0.7432,1.75,1.87
2016.03.17 06:48:10.840,0.74292,0.7432,1.00,1.87
2016.03.17 06:48:16.429,0.7429,0.74315,1.50,1.00
2016.03.17 06:48:16.692,0.7429,0.74318,2.25,1.12
2016.03.17 06:48:24.035,0.7429,0.74319,1.50,1.37
2016.03.17 06:48:28.553,0.7429,0.74317,1.87,1.00
2016.03.17 06:48:29.075,0.7429,0.74319,1.75,1.50
2016.03.17 06:48:29.604,0.7429,0.7432,1.75,1.50
2016.03.17 06:48:29.969,0.7429,0.74319,1.75,1.37
2016.03.17 06:48:30.280,0.7429,0.74315,1.00,1.00
2016.03.17 06:48:30.331,0.74288,0.74315,1.00,1.50
2016.03.17 06:48:31.655,0.74285,0.74315,4.50,1.12
2016.03.17 06:48:33.502,0.74288,0.74315,1.00,1.37
2016.03.17 06:48:33.621,0.74285,0.74315,2.25,1.50
2016.03.17 06:48:33.772,0.74284,0.7431,1.00,1.00
2016.03.17 06:48:33.974,0.74281,0.7431,1.75,1.37
2016.03.17 06:48:34.125,0.74281,0.7431,1.75,1.12
2016.03.17 06:48:34.501,0.74285,0.74314,1.37,1.75
2016.03.17 06:48:34.815,0.74281,0.74313,1.75,2.25
2016.03.17 06:48:35.117,0.7428,0.7431,2.25,3.00
2016.03.17 06:48:36.567,0.7428,0.74309,3.00,1.75
2016.03.17 06:48:37.121,0.7428,0.74309,3.00,1.75
2016.03.17 06:48:40.877,0.74282,0.7431,3.75,2.25
2016.03.17 06:48:41.094,0.74289,0.74309,1.00,1.00
2016.03.17 06:48:41.396,0.74285,0.74312,1.75,1.75
2016.03.17 06:48:42.140,0.74285,0.74312,1.75,1.75
2016.03.17 06:48:48.699,0.74281,0.7431,3.00,1.75
2016.03.17 06:48:48.750,0.74289,0.74309,1.00,1.00
2016.03.17 06:49:17.181,0.74283,0.7431,1.75,1.75
2016.03.17 06:49:23.681,0.74281,0.7431,1.75,2.25
2016.03.17 06:49:23.782,0.74285,0.7431,1.00,1.75
2016.03.17 06:49:23.883,0.74283,0.74309,1.00,2.25
2016.03.17 06:49:29.539,0.7428,0.74308,1.75,2.25
2016.03.17 06:49:35.008,0.7428,0.74308,1.75,2.25
2016.03.17 06:49:35.059,0.7428,0.7431,1.75,4.50
2016.03.17 06:49:50.036,0.74279,0.74308,1.75,1.75
2016.03.17 06:49:50.142,0.7428,0.74308,1.75,3.00
2016.03.17 06:49:52.080,0.7428,0.74308,1.75,1.75
2016.03.17 06:49:53.078,0.7428,0.7431,2.25,1.75
2016.03.17 06:49:53.178,0.74287,0.74307,1.00,1.00
2016.03.17 06:49:53.349,0.74282,0.7431,1.75,1.75
2016.03.17 06:49:53.694,0.7428,0.7431,1.75,3.75
2016.03.17 06:49:54.567,0.74283,0.74311,1.75,1.75
2016.03.17 06:50:00.626,0.74281,0.74309,2.25,1.75
2016.03.17 06:50:00.827,0.74283,0.74309,3.00,1.00
2016.03.17 06:50:00.928,0.7429,0.7431,1.00,1.50
2016.03.17 06:50:02.998,0.74282,0.7431,1.75,1.75
2016.03.17 06:50:03.563,0.74282,0.7431,1.75,1.75
2016.03.17 06:50:08.149,0.74284,0.74314,1.75,1.75
2016.03.17 06:50:08.200,0.74289,0.74308,1.00,1.00
2016.03.17 06:50:17.629,0.74281,0.7431,4.50,1.75
2016.03.17 06:50:18.238,0.74281,0.74309,2.25,1.75
2016.03.17 06:50:18.406,0.74285,0.74305,1.00,1.00
2016.03.17 06:50:18.457,0.7428,0.74308,1.75,2.25
2016.03.17 06:50:18.508,0.7428,0.74308,1.75,2.25
2016.03.17 06:50:18.872,0.74281,0.74303,1.00,1.50
2016.03.17 06:50:23.581,0.7428,0.74304,1.00,1.75
2016.03.17 06:50:23.732,0.74275,0.74301,1.75,1.75
2016.03.17 06:50:23.833,0.74275,0.74295,1.50,1.00
2016.03.17 06:50:25.450,0.74275,0.74297,1.50,1.75
2016.03.17 06:50:32.990,0.74274,0.74295,1.00,1.75
2016.03.17 06:50:33.293,0.74266,0.74295,1.75,1.75
2016.03.17 06:50:41.527,0.7427,0.74293,1.37,1.75
2016.03.17 06:50:41.577,0.7427,0.74294,1.75,1.75
2016.03.17 06:50:41.918,0.7427,0.74296,1.75,1.75
2016.03.17 06:50:42.119,0.74265,0.74293,1.75,1.75
2016.03.17 06:50:42.170,0.74265,0.74293,1.75,1.75
2016.03.17 06:50:43.838,0.74265,0.74292,1.75,3.00
2016.03.17 06:50:44.141,0.74265,0.74289,1.12,1.75
2016.03.17 06:50:46.327,0.7426,0.74288,1.75,1.50
2016.03.17 06:50:46.378,0.7426,0.74288,1.75,1.12
2016.03.17 06:50:46.811,0.74261,0.74289,1.00,1.50
2016.03.17 06:50:47.391,0.7426,0.74287,1.00,1.75
2016.03.17 06:50:48.447,0.7426,0.74287,1.12,1.50
2016.03.17 06:50:49.027,0.7426,0.74287,1.50,1.00
2016.03.17 06:50:50.597,0.7426,0.74286,1.50,1.00
2016.03.17 06:50:50.899,0.7426,0.74285,1.00,1.75
2016.03.17 06:50:51.151,0.7426,0.74284,1.00,1.00
2016.03.17 06:50:52.373,0.7426,0.74287,1.50,1.50
2016.03.17 06:50:53.657,0.74265,0.74289,1.00,1.75
2016.03.17 06:50:53.808,0.74265,0.74291,1.00,1.75
2016.03.17 06:50:53.909,0.74265,0.74291,1.12,1.50
2016.03.17 06:50:54.759,0.74268,0.74295,1.87,1.37
2016.03.17 06:50:54.810,0.74269,0.74295,2.25,1.00
2016.03.17 06:50:54.911,0.7428,0.74305,1.00,1.75
2016.03.17 06:50:55.012,0.74275,0.74305,1.75,1.12
2016.03.17 06:50:55.063,0.74275,0.74305,1.75,1.37
2016.03.17 06:50:55.264,0.74278,0.74306,1.37,1.00
2016.03.17 06:50:55.662,0.74278,0.74309,1.75,2.25
2016.03.17 06:50:56.117,0.7428,0.74309,2.25,2.25
2016.03.17 06:50:56.168,0.7428,0.74309,2.25,1.87
2016.03.17 06:50:56.219,0.7428,0.74311,2.25,1.12
2016.03.17 06:50:56.558,0.7429,0.74315,1.12,1.37
2016.03.17 06:50:56.608,0.7429,0.74317,1.12,1.50
2016.03.17 06:50:56.659,0.74294,0.74317,1.00,1.12
2016.03.17 06:50:56.760,0.7429,0.7432,1.50,1.50
2016.03.17 06:50:57.282,0.74291,0.7432,1.75,1.12
2016.03.17 06:50:57.484,0.74292,0.7432,1.75,1.00
2016.03.17 06:50:57.534,0.74294,0.74324,1.75,1.50
2016.03.17 06:50:58.577,0.74294,0.74325,2.25,1.50
2016.03.17 06:50:58.866,0.74295,0.74325,1.75,1.12
2016.03.17 06:50:59.423,0.743,0.74329,1.12,1.75
2016.03.17 06:51:03.457,0.74295,0.74325,2.85,1.00
2016.03.17 06:51:03.997,0.743,0.74328,1.00,2.25
2016.03.17 06:51:04.539,0.74299,0.74328,1.12,1.75
2016.03.17 06:51:05.083,0.743,0.74328,1.00,1.75
2016.03.17 06:51:05.695,0.743,0.74328,1.00,1.75
2016.03.17 06:51:05.997,0.74295,0.74325,2.85,1.75
2016.03.17 06:51:06.698,0.74295,0.74325,2.85,1.75
2016.03.17 06:51:07.347,0.74295,0.74325,2.85,1.75
2016.03.17 06:51:07.448,0.74295,0.74325,1.12,3.00
2016.03.17 06:51:07.549,0.74291,0.7432,1.75,1.50
2016.03.17 06:51:08.099,0.74295,0.74324,1.00,1.75
2016.03.17 06:51:08.554,0.74294,0.74325,1.75,1.75
2016.03.17 06:51:08.655,0.743,0.74326,1.00,1.75
2016.03.17 06:51:09.917,0.743,0.74329,1.00,1.75
2016.03.17 06:51:12.247,0.74296,0.74325,1.75,1.50
2016.03.17 06:51:14.244,0.74295,0.74325,1.12,1.75
2016.03.17 06:51:15.262,0.74299,0.74325,1.00,1.75
2016.03.17 06:51:15.656,0.74295,0.74325,1.12,2.25
2016.03.17 06:51:18.997,0.743,0.74325,1.00,1.75
2016.03.17 06:51:19.098,0.74295,0.74325,1.12,2.25
2016.03.17 06:51:20.072,0.74299,0.74325,1.00,1.75
2016.03.17 06:51:20.123,0.74299,0.74326,1.00,1.75
2016.03.17 06:51:21.519,0.74295,0.74325,1.75,1.75
2016.03.17 06:51:21.570,0.74295,0.74323,1.50,1.00
2016.03.17 06:51:21.671,0.74295,0.74324,1.12,1.75
2016.03.17 06:51:21.772,0.74295,0.74325,1.50,3.00
2016.03.17 06:51:22.248,0.74295,0.74324,1.37,1.75
2016.03.17 06:51:22.791,0.74295,0.74324,1.00,2.25
2016.03.17 06:51:32.212,0.74295,0.74324,1.12,1.75
2016.03.17 06:51:32.977,0.74295,0.74324,1.12,1.75
2016.03.17 06:51:33.565,0.74295,0.74324,1.00,1.75
2016.03.17 06:51:35.000,0.74295,0.74321,1.00,1.75
2016.03.17 06:51:35.519,0.74294,0.74322,1.00,1.75
2016.03.17 06:51:36.042,0.74295,0.74323,1.00,1.75
2016.03.17 06:51:43.726,0.74294,0.74323,1.00,1.75
2016.03.17 06:51:45.972,0.74295,0.74323,1.00,1.75
2016.03.17 06:51:47.013,0.74295,0.74321,1.00,2.25
