2016.03.04 15:00:00.086,0.73396,0.73425,1.00,1.50
2016.03.04 15:00:00.608,0.73395,0.73425,1.00,1.37
2016.03.04 15:00:01.142,0.73394,0.73426,1.12,1.12
2016.03.04 15:00:01.721,0.73394,0.7342,1.12,1.00
2016.03.04 15:00:01.837,0.73395,0.73425,1.00,1.00
2016.03.04 15:00:02.643,0.73394,0.73426,1.87,1.12
2016.03.04 15:00:02.805,0.73395,0.7342,1.00,1.00
2016.03.04 15:00:03.117,0.73395,0.73425,1.00,1.50
2016.03.04 15:00:03.235,0.73395,0.73426,1.12,1.50
2016.03.04 15:00:03.336,0.73395,0.73426,1.37,1.00
2016.03.04 15:00:03.701,0.734,0.73428,1.00,1.72
2016.03.04 15:00:04.031,0.73397,0.73425,1.12,1.00
2016.03.04 15:00:04.371,0.734,0.73428,1.00,1.72
2016.03.04 15:00:04.787,0.73399,0.73431,1.35,1.50
2016.03.04 15:00:05.356,0.734,0.73431,1.00,1.00
2016.03.04 15:00:05.866,0.73405,0.73431,1.00,1.00
2016.03.04 15:00:05.977,0.734,0.73431,1.50,1.00
2016.03.04 15:00:06.315,0.73404,0.73431,1.00,1.00
2016.03.04 15:00:06.635,0.73406,0.73431,1.00,1.00
2016.03.04 15:00:07.118,0.73406,0.73435,1.00,2.10
2016.03.04 15:00:07.312,0.73406,0.73431,1.00,1.00
2016.03.04 15:00:07.412,0.73406,0.73435,1.00,1.30
2016.03.04 15:00:08.062,0.73409,0.73435,1.00,1.00
2016.03.04 15:00:08.237,0.73413,0.7344,1.00,1.35
2016.03.04 15:00:09.037,0.73412,0.7344,1.97,1.12
2016.03.04 15:00:09.211,0.73415,0.73445,1.00,2.25
2016.03.04 15:00:09.669,0.73415,0.73445,1.00,1.75
2016.03.04 15:00:09.770,0.73411,0.7344,1.60,1.00
2016.03.04 15:00:10.625,0.73411,0.7344,1.00,1.00
2016.03.04 15:00:10.776,0.73408,0.7344,1.12,1.37
2016.03.04 15:00:11.078,0.73412,0.73435,1.00,1.00
2016.03.04 15:00:11.221,0.73405,0.73435,1.12,1.00
2016.03.04 15:00:11.427,0.73405,0.7343,1.00,1.00
2016.03.04 15:00:11.578,0.73402,0.7343,1.00,1.00
2016.03.04 15:00:12.187,0.73402,0.73425,1.00,1.00
2016.03.04 15:00:12.490,0.73401,0.73425,1.00,1.37
2016.03.04 15:00:12.868,0.73398,0.7342,1.00,1.12
2016.03.04 15:00:13.485,0.73397,0.7342,1.00,1.12
2016.03.04 15:00:14.838,0.734,0.73425,1.00,1.75
2016.03.04 15:00:15.378,0.73399,0.73426,1.00,1.75
2016.03.04 15:00:16.175,0.73398,0.73426,1.00,2.85
2016.03.04 15:00:17.366,0.73399,0.7342,1.00,1.12
2016.03.04 15:00:18.051,0.734,0.73425,1.00,1.75
2016.03.04 15:00:18.194,0.73398,0.73425,1.00,1.75
2016.03.04 15:00:18.786,0.73398,0.73421,1.00,1.12
2016.03.04 15:00:19.549,0.73398,0.73425,1.00,1.75
2016.03.04 15:00:19.941,0.73403,0.73425,1.00,1.00
2016.03.04 15:00:20.450,0.73403,0.73431,1.00,2.25
2016.03.04 15:00:20.535,0.73403,0.73431,1.00,2.25
2016.03.04 15:00:20.636,0.73404,0.7343,1.00,1.75
2016.03.04 15:00:21.137,0.73401,0.73425,1.00,1.00
2016.03.04 15:00:21.496,0.73398,0.73424,1.00,1.00
2016.03.04 15:00:21.547,0.73398,0.7342,1.00,1.00
2016.03.04 15:00:21.851,0.73394,0.73415,1.00,1.00
2016.03.04 15:00:22.157,0.73396,0.73415,1.00,1.00
2016.03.04 15:00:22.457,0.73386,0.7341,1.12,1.00
2016.03.04 15:00:24.166,0.73386,0.73411,1.12,1.00
2016.03.04 15:00:24.328,0.73389,0.7341,1.00,1.00
2016.03.04 15:00:24.498,0.73389,0.73415,1.00,1.50
2016.03.04 15:00:24.549,0.73391,0.73415,1.00,1.00
2016.03.04 15:00:24.755,0.73389,0.73414,1.00,1.00
2016.03.04 15:00:25.084,0.73391,0.73415,1.00,1.00
2016.03.04 15:00:25.503,0.73391,0.7341,1.00,1.00
2016.03.04 15:00:25.604,0.73391,0.73415,1.00,1.00
2016.03.04 15:00:26.595,0.73391,0.73416,1.00,1.50
2016.03.04 15:00:27.117,0.7339,0.73415,1.00,1.00
2016.03.04 15:00:27.247,0.7339,0.7341,1.00,1.00
2016.03.04 15:00:27.688,0.7339,0.73415,1.00,1.00
2016.03.04 15:00:27.738,0.73392,0.73415,1.00,1.00
2016.03.04 15:00:27.977,0.73389,0.73415,1.00,1.50
2016.03.04 15:00:28.486,0.7339,0.73415,1.00,1.00
2016.03.04 15:00:29.474,0.7339,0.73416,1.00,1.00
2016.03.04 15:00:30.056,0.7339,0.73415,1.00,1.00
2016.03.04 15:00:30.157,0.73391,0.73415,1.75,1.00
2016.03.04 15:00:30.478,0.73394,0.73415,1.75,1.00
2016.03.04 15:00:31.366,0.73393,0.73416,3.75,1.00
2016.03.04 15:00:31.467,0.73395,0.7342,3.00,1.50
2016.03.04 15:00:31.568,0.73395,0.73415,3.00,1.00
2016.03.04 15:00:31.669,0.73395,0.7342,3.00,1.50
2016.03.04 15:00:31.855,0.73397,0.7342,4.50,1.00
2016.03.04 15:00:32.379,0.73399,0.73425,1.75,1.75
2016.03.04 15:00:32.480,0.734,0.73425,2.25,2.25
2016.03.04 15:00:33.076,0.734,0.73425,2.25,1.75
2016.03.04 15:00:33.470,0.73402,0.73427,2.25,1.75
2016.03.04 15:00:33.982,0.73403,0.73425,3.75,1.00
2016.03.04 15:00:34.296,0.73406,0.73427,3.75,1.00
2016.03.04 15:00:34.347,0.73406,0.7343,3.75,2.25
2016.03.04 15:00:34.549,0.73406,0.73425,3.75,1.00
2016.03.04 15:00:34.650,0.73404,0.73425,4.50,1.00
2016.03.04 15:00:34.894,0.73407,0.73425,1.00,1.50
2016.03.04 15:00:35.498,0.73407,0.7342,1.00,1.00
2016.03.04 15:00:35.649,0.73399,0.7342,1.75,1.00
2016.03.04 15:00:35.894,0.73403,0.73421,1.00,1.00
2016.03.04 15:00:35.945,0.73396,0.7342,2.25,1.75
2016.03.04 15:00:36.146,0.73396,0.7342,1.75,1.75
2016.03.04 15:00:38.066,0.73396,0.73422,1.75,1.75
2016.03.04 15:00:38.167,0.734,0.73422,1.75,1.75
2016.03.04 15:00:39.893,0.73404,0.73422,1.00,1.00
2016.03.04 15:00:39.944,0.73404,0.73429,2.25,3.00
2016.03.04 15:00:39.994,0.73411,0.73429,1.00,1.50
2016.03.04 15:00:40.045,0.73404,0.73429,2.25,1.50
2016.03.04 15:00:40.096,0.73401,0.73426,2.25,1.75
2016.03.04 15:00:40.197,0.73401,0.73426,1.75,1.75
2016.03.04 15:00:40.510,0.73402,0.73429,1.75,1.75
2016.03.04 15:00:40.841,0.73406,0.7343,2.25,1.37
2016.03.04 15:00:40.891,0.73407,0.7343,2.25,1.12
2016.03.04 15:00:42.465,0.73413,0.73436,1.35,1.75
2016.03.04 15:00:42.796,0.73412,0.73436,1.75,1.00
2016.03.04 15:00:43.003,0.7341,0.73435,2.25,1.00
2016.03.04 15:00:43.128,0.7341,0.7343,1.75,1.00
2016.03.04 15:00:43.279,0.73409,0.73434,1.75,1.00
2016.03.04 15:00:43.788,0.73413,0.73435,1.50,1.00
2016.03.04 15:00:44.008,0.73415,0.73438,1.00,1.00
2016.03.04 15:00:44.260,0.7341,0.73435,2.25,1.00
2016.03.04 15:00:44.411,0.7341,0.73435,1.87,1.12
2016.03.04 15:00:44.695,0.7341,0.7343,1.37,1.00
2016.03.04 15:00:44.796,0.7341,0.73435,1.87,1.12
2016.03.04 15:00:46.316,0.73412,0.73435,1.00,1.12
2016.03.04 15:00:47.545,0.73412,0.7343,1.00,1.00
2016.03.04 15:00:47.966,0.73411,0.7343,1.72,1.00
2016.03.04 15:00:48.532,0.73411,0.73436,1.72,1.37
2016.03.04 15:00:49.797,0.7341,0.73435,2.25,1.00
2016.03.04 15:00:49.948,0.73409,0.7343,1.00,1.00
2016.03.04 15:00:50.104,0.73409,0.73433,1.00,1.00
2016.03.04 15:00:50.307,0.73409,0.73435,1.50,1.12
2016.03.04 15:00:50.618,0.73408,0.73434,1.75,1.00
2016.03.04 15:00:50.668,0.73408,0.73434,1.50,1.12
2016.03.04 15:00:50.719,0.73403,0.73429,3.00,1.00
2016.03.04 15:00:50.769,0.73403,0.73429,1.75,1.00
2016.03.04 15:00:50.871,0.73403,0.73429,1.50,1.12
2016.03.04 15:00:50.971,0.734,0.73426,1.75,1.00
2016.03.04 15:00:52.733,0.73402,0.73428,1.75,1.12
2016.03.04 15:00:52.833,0.734,0.73426,2.25,1.00
2016.03.04 15:00:53.064,0.73402,0.73428,1.75,1.12
2016.03.04 15:00:53.166,0.734,0.73426,2.25,1.00
2016.03.04 15:00:53.585,0.73401,0.73427,1.75,1.00
2016.03.04 15:00:53.887,0.73406,0.73429,1.00,1.00
2016.03.04 15:00:54.157,0.73406,0.73427,1.00,1.00
2016.03.04 15:00:54.818,0.73406,0.73428,1.00,1.00
2016.03.04 15:00:55.152,0.73407,0.73432,1.75,1.00
2016.03.04 15:00:55.666,0.73408,0.73433,1.75,1.00
2016.03.04 15:00:55.919,0.73411,0.73436,1.37,1.12
2016.03.04 15:00:56.326,0.73409,0.73434,1.75,1.00
2016.03.04 15:00:56.741,0.73413,0.7343,1.00,1.00
2016.03.04 15:00:56.792,0.73414,0.73435,1.00,1.00
2016.03.04 15:00:56.944,0.73414,0.73435,1.75,1.00
2016.03.04 15:00:57.044,0.73413,0.73435,1.50,1.00
2016.03.04 15:00:57.246,0.73409,0.73433,1.75,1.00
2016.03.04 15:00:57.367,0.73409,0.73433,1.75,1.00
2016.03.04 15:00:57.471,0.73406,0.73431,1.75,1.00
2016.03.04 15:00:57.522,0.73408,0.73431,1.00,1.00
2016.03.04 15:00:58.198,0.73408,0.7343,1.00,1.00
2016.03.04 15:00:58.473,0.73404,0.73429,1.75,1.00
2016.03.04 15:00:58.640,0.73403,0.73427,1.75,1.00
2016.03.04 15:00:58.792,0.73401,0.73425,1.00,1.00
2016.03.04 15:00:59.094,0.73397,0.73422,1.75,1.00
2016.03.04 15:00:59.195,0.73397,0.73421,1.12,1.12
2016.03.04 15:00:59.442,0.73397,0.73421,2.10,1.00
2016.03.04 15:00:59.701,0.73405,0.7343,2.85,1.50
2016.03.04 15:00:59.752,0.7341,0.73435,1.37,2.25
2016.03.04 15:00:59.854,0.7341,0.73433,1.75,1.50
2016.03.04 15:00:59.907,0.7341,0.73433,1.50,1.50
2016.03.04 15:00:59.958,0.73407,0.7343,1.75,1.50
2016.03.04 15:01:00.249,0.73405,0.7343,1.75,1.75
2016.03.04 15:01:00.300,0.73408,0.73426,1.00,1.00
2016.03.04 15:01:00.451,0.73401,0.73426,2.25,1.50
2016.03.04 15:01:01.096,0.73402,0.7343,1.75,2.10
2016.03.04 15:01:01.147,0.73407,0.73425,1.00,1.00
2016.03.04 15:01:01.815,0.73403,0.73428,1.75,2.10
2016.03.04 15:01:02.147,0.73398,0.73423,2.25,1.37
2016.03.04 15:01:02.198,0.734,0.73423,1.75,1.12
2016.03.04 15:01:02.400,0.73405,0.73429,2.25,1.75
2016.03.04 15:01:02.451,0.7341,0.73428,1.00,1.00
2016.03.04 15:01:02.812,0.73406,0.73428,1.75,1.00
2016.03.04 15:01:03.125,0.73406,0.7343,1.50,1.75
2016.03.04 15:01:03.453,0.734,0.73425,1.75,1.75
2016.03.04 15:01:04.927,0.73402,0.73429,1.75,1.75
2016.03.04 15:01:05.230,0.7341,0.73425,1.75,1.00
2016.03.04 15:01:05.280,0.7341,0.7343,1.75,1.12
2016.03.04 15:01:05.331,0.73406,0.7343,1.75,2.25
2016.03.04 15:01:05.679,0.73411,0.73435,1.75,1.75
2016.03.04 15:01:05.930,0.73413,0.73431,1.00,1.00
2016.03.04 15:01:06.132,0.73408,0.73433,1.75,1.75
2016.03.04 15:01:06.412,0.73409,0.73434,1.50,1.37
2016.03.04 15:01:06.463,0.73409,0.73432,1.00,1.00
2016.03.04 15:01:07.042,0.73406,0.7343,1.75,1.00
2016.03.04 15:01:07.390,0.73402,0.73426,1.75,1.00
2016.03.04 15:01:07.542,0.73401,0.73425,1.50,1.12
2016.03.04 15:01:07.845,0.734,0.73424,1.75,1.37
2016.03.04 15:01:08.375,0.73398,0.73423,1.75,1.75
2016.03.04 15:01:10.488,0.73397,0.73422,1.75,1.75
2016.03.04 15:01:11.399,0.73403,0.73424,1.00,2.25
2016.03.04 15:01:11.500,0.73403,0.73425,1.50,2.25
2016.03.04 15:01:11.601,0.73397,0.73421,1.75,1.35
2016.03.04 15:01:11.915,0.73391,0.73417,1.75,1.75
2016.03.04 15:01:12.067,0.73397,0.73415,1.00,1.00
2016.03.04 15:01:12.168,0.7339,0.73414,1.75,1.50
2016.03.04 15:01:12.471,0.7339,0.73415,1.12,1.50
2016.03.04 15:01:12.712,0.73388,0.73414,1.12,2.10
2016.03.04 15:01:13.215,0.73388,0.73413,1.37,1.50
2016.03.04 15:01:13.607,0.73387,0.73414,1.50,1.37
2016.03.04 15:01:13.809,0.73391,0.73416,1.12,1.50
2016.03.04 15:01:13.910,0.73391,0.73416,1.75,1.00
2016.03.04 15:01:14.061,0.73396,0.73422,1.00,1.75
2016.03.04 15:01:14.276,0.73397,0.73422,1.37,1.12
2016.03.04 15:01:14.378,0.73399,0.73425,1.50,1.50
2016.03.04 15:01:14.680,0.73395,0.73423,2.25,1.37
2016.03.04 15:01:15.075,0.734,0.73424,1.37,1.37
2016.03.04 15:01:15.127,0.734,0.73424,1.37,1.00
2016.03.04 15:01:15.178,0.73401,0.73429,1.37,1.75
2016.03.04 15:01:16.090,0.734,0.73425,1.75,1.00
2016.03.04 15:01:16.617,0.73397,0.73423,1.75,1.50
2016.03.04 15:01:16.819,0.73397,0.73425,1.75,2.25
2016.03.04 15:01:16.931,0.73396,0.73422,1.75,1.00
2016.03.04 15:01:17.234,0.7339,0.73415,1.37,1.87
2016.03.04 15:01:17.486,0.73391,0.73417,1.37,1.50
2016.03.04 15:01:17.798,0.73405,0.73423,1.00,1.75
2016.03.04 15:01:17.849,0.73399,0.73421,1.00,1.00
2016.03.04 15:01:18.000,0.734,0.73421,1.37,1.00
2016.03.04 15:01:18.509,0.734,0.73424,1.50,2.25
2016.03.04 15:01:18.610,0.73398,0.73416,1.50,1.00
2016.03.04 15:01:18.711,0.73395,0.73419,1.75,1.75
2016.03.04 15:01:19.238,0.73394,0.73421,1.75,2.25
2016.03.04 15:01:19.724,0.73394,0.7342,3.75,1.75
2016.03.04 15:01:19.825,0.73403,0.73421,1.00,1.00
2016.03.04 15:01:20.401,0.734,0.73426,1.75,1.75
2016.03.04 15:01:20.502,0.734,0.73423,1.37,2.25
2016.03.04 15:01:20.552,0.73395,0.73421,2.25,1.75
2016.03.04 15:01:20.694,0.73393,0.73418,1.75,1.75
2016.03.04 15:01:20.745,0.73394,0.73418,1.75,1.75
2016.03.04 15:01:21.268,0.73391,0.73416,1.75,1.75
2016.03.04 15:01:21.318,0.73389,0.73414,1.75,1.75
2016.03.04 15:01:21.621,0.73385,0.73407,1.75,1.75
2016.03.04 15:01:21.932,0.73385,0.73406,1.75,1.75
2016.03.04 15:01:22.274,0.73385,0.73406,1.00,1.75
2016.03.04 15:01:22.426,0.73389,0.73406,1.00,1.50
2016.03.04 15:01:22.526,0.73386,0.73404,1.00,1.00
2016.03.04 15:01:22.627,0.73381,0.73406,1.75,1.75
2016.03.04 15:01:23.159,0.7338,0.73407,2.25,1.75
2016.03.04 15:01:24.367,0.73379,0.73406,1.75,1.75
2016.03.04 15:01:24.699,0.73377,0.73401,1.75,1.75
2016.03.04 15:01:24.951,0.7337,0.73394,1.75,1.50
2016.03.04 15:01:25.052,0.73373,0.73399,1.75,1.75
2016.03.04 15:01:25.555,0.73376,0.73401,1.75,1.75
2016.03.04 15:01:25.757,0.73372,0.73396,1.00,1.75
2016.03.04 15:01:25.858,0.7337,0.73396,1.00,1.75
2016.03.04 15:01:26.219,0.73368,0.73393,1.00,1.00
2016.03.04 15:01:26.271,0.73364,0.73388,1.50,1.00
2016.03.04 15:01:26.674,0.73366,0.7339,1.50,1.00
2016.03.04 15:01:26.981,0.73365,0.73388,1.50,1.00
2016.03.04 15:01:27.354,0.73368,0.73393,1.37,1.37
2016.03.04 15:01:27.954,0.73368,0.73393,1.75,1.00
2016.03.04 15:01:28.393,0.73367,0.73392,1.50,1.12
2016.03.04 15:01:28.796,0.73365,0.73389,1.37,1.00
2016.03.04 15:01:29.173,0.73375,0.73389,1.00,1.00
2016.03.04 15:01:29.324,0.73365,0.73391,1.75,1.12
2016.03.04 15:01:29.425,0.73365,0.7339,2.25,1.00
2016.03.04 15:01:29.690,0.73362,0.73387,1.75,1.00
2016.03.04 15:01:30.194,0.73365,0.73389,1.87,1.50
2016.03.04 15:01:30.349,0.73368,0.73393,1.37,1.12
2016.03.04 15:01:30.500,0.7337,0.73393,1.50,1.00
2016.03.04 15:01:30.601,0.73367,0.73392,1.50,1.12
2016.03.04 15:01:31.547,0.73367,0.73391,1.50,1.00
2016.03.04 15:01:31.798,0.73365,0.73389,2.25,1.00
2016.03.04 15:01:31.969,0.7337,0.73394,1.12,1.12
2016.03.04 15:01:32.222,0.73375,0.734,1.00,1.75
2016.03.04 15:01:32.322,0.73375,0.734,1.00,1.50
2016.03.04 15:01:32.825,0.73376,0.734,1.12,1.50
2016.03.04 15:01:33.407,0.73379,0.73403,1.00,1.75
2016.03.04 15:01:33.828,0.7338,0.73405,1.00,3.00
2016.03.04 15:01:33.928,0.7338,0.73402,1.00,1.00
2016.03.04 15:01:33.979,0.73378,0.73402,1.00,1.00
2016.03.04 15:01:34.231,0.73378,0.73405,1.75,1.75
2016.03.04 15:01:34.774,0.73375,0.73402,2.25,1.12
2016.03.04 15:01:35.109,0.73375,0.73399,1.75,1.00
2016.03.04 15:01:35.604,0.73375,0.73401,1.75,1.00
2016.03.04 15:01:35.866,0.7338,0.73404,1.12,1.12
2016.03.04 15:01:35.917,0.73385,0.73404,1.00,1.00
2016.03.04 15:01:35.967,0.73385,0.73406,1.00,1.12
2016.03.04 15:01:36.514,0.73385,0.73405,1.00,1.00
2016.03.04 15:01:37.065,0.73385,0.73403,1.00,1.00
2016.03.04 15:01:37.166,0.7338,0.73402,1.75,1.00
2016.03.04 15:01:37.612,0.7338,0.73399,1.37,1.00
2016.03.04 15:01:37.663,0.7338,0.73399,1.12,1.00
2016.03.04 15:01:37.914,0.73379,0.73397,1.00,1.00
2016.03.04 15:01:38.231,0.73365,0.73388,1.75,1.00
2016.03.04 15:01:38.396,0.73365,0.73391,2.25,1.00
2016.03.04 15:01:38.497,0.73366,0.73392,1.75,1.12
2016.03.04 15:01:38.598,0.73372,0.73398,1.00,1.37
2016.03.04 15:01:38.649,0.73375,0.73398,1.00,1.37
2016.03.04 15:01:39.040,0.73375,0.73395,1.00,1.12
2016.03.04 15:01:39.091,0.73369,0.73395,2.25,1.12
2016.03.04 15:01:39.142,0.7337,0.73397,1.75,1.12
2016.03.04 15:01:39.394,0.7337,0.73395,1.75,1.00
2016.03.04 15:01:39.453,0.7337,0.73397,2.25,1.12
2016.03.04 15:01:39.655,0.73375,0.73398,1.00,1.00
2016.03.04 15:01:39.985,0.7338,0.73401,1.37,1.00
2016.03.04 15:01:40.348,0.73378,0.73404,1.75,1.00
2016.03.04 15:01:40.449,0.7338,0.73406,1.50,1.12
2016.03.04 15:01:40.701,0.7338,0.73406,1.75,1.00
2016.03.04 15:01:41.578,0.7338,0.73406,1.75,1.00
2016.03.04 15:01:42.169,0.7338,0.73406,1.75,1.00
2016.03.04 15:01:42.483,0.7338,0.73407,1.50,1.37
2016.03.04 15:01:42.584,0.7338,0.73407,1.50,1.75
2016.03.04 15:01:42.995,0.73376,0.73394,1.00,1.00
2016.03.04 15:01:43.096,0.73373,0.73394,1.00,1.00
2016.03.04 15:01:43.496,0.73375,0.73395,1.00,1.00
2016.03.04 15:01:43.998,0.73375,0.73394,1.00,1.00
2016.03.04 15:01:44.567,0.73373,0.73394,1.00,1.00
2016.03.04 15:01:45.110,0.7337,0.73393,1.75,1.00
2016.03.04 15:01:45.211,0.7337,0.73396,1.75,1.12
2016.03.04 15:01:45.312,0.7337,0.73392,1.75,1.00
2016.03.04 15:01:45.412,0.7337,0.73391,1.12,1.00
2016.03.04 15:01:45.857,0.7337,0.73387,1.00,1.00
2016.03.04 15:01:45.982,0.73365,0.73387,1.75,1.00
2016.03.04 15:01:46.083,0.73364,0.73389,2.25,1.00
2016.03.04 15:01:46.286,0.73365,0.73391,2.25,1.00
2016.03.04 15:01:46.588,0.7337,0.73395,2.25,1.00
2016.03.04 15:01:46.689,0.73375,0.73395,1.00,1.00
2016.03.04 15:01:46.857,0.73375,0.73397,1.12,1.00
2016.03.04 15:01:47.110,0.73371,0.73396,1.75,1.00
2016.03.04 15:01:47.516,0.73365,0.7339,2.25,1.00
2016.03.04 15:01:47.691,0.73366,0.73389,1.00,1.00
2016.03.04 15:01:47.742,0.73366,0.73386,1.00,1.00
2016.03.04 15:01:48.001,0.7336,0.73386,2.25,1.00
2016.03.04 15:01:48.424,0.73365,0.73386,1.00,1.00
2016.03.04 15:01:48.655,0.73365,0.73388,1.50,1.00
2016.03.04 15:01:48.806,0.73369,0.73388,1.00,1.00
2016.03.04 15:01:49.159,0.7337,0.73391,1.00,1.00
2016.03.04 15:01:49.260,0.73367,0.73393,1.00,1.00
2016.03.04 15:01:49.804,0.73364,0.73391,1.50,1.00
2016.03.04 15:01:50.059,0.73367,0.73392,1.00,1.00
2016.03.04 15:01:50.573,0.73366,0.73391,1.00,1.00
2016.03.04 15:01:51.546,0.7337,0.73391,1.60,1.00
2016.03.04 15:01:51.597,0.73373,0.73393,1.67,1.00
2016.03.04 15:01:51.648,0.73375,0.73393,1.60,1.00
2016.03.04 15:01:51.698,0.73378,0.73405,1.00,2.25
2016.03.04 15:01:51.754,0.7338,0.73405,1.00,1.75
2016.03.04 15:01:51.805,0.7338,0.73405,1.00,1.00
2016.03.04 15:01:52.006,0.73378,0.73403,1.00,1.00
2016.03.04 15:01:52.358,0.7337,0.73393,1.75,1.00
2016.03.04 15:01:52.408,0.7337,0.73393,1.00,1.00
2016.03.04 15:01:52.459,0.73368,0.73393,1.00,1.00
2016.03.04 15:01:53.111,0.73367,0.73391,1.12,1.00
2016.03.04 15:01:53.414,0.73365,0.73389,1.00,1.00
2016.03.04 15:01:53.465,0.73368,0.73395,1.00,1.00
2016.03.04 15:01:53.566,0.73371,0.73396,1.00,1.00
2016.03.04 15:01:53.868,0.73368,0.73393,1.00,1.00
2016.03.04 15:01:54.306,0.73366,0.73391,1.00,1.00
2016.03.04 15:01:54.809,0.73365,0.73392,1.50,1.00
2016.03.04 15:01:55.118,0.73365,0.73389,1.00,1.00
2016.03.04 15:01:55.405,0.73367,0.73392,1.00,1.00
2016.03.04 15:01:55.557,0.73367,0.73394,1.00,1.00
2016.03.04 15:01:55.840,0.73366,0.73391,1.00,1.00
2016.03.04 15:01:56.193,0.7337,0.7339,1.00,1.00
2016.03.04 15:01:56.295,0.73374,0.73399,1.00,1.00
2016.03.04 15:01:56.396,0.7337,0.73396,1.50,1.00
2016.03.04 15:01:56.639,0.73368,0.73395,1.00,1.00
2016.03.04 15:01:56.871,0.7337,0.73395,1.00,1.00
2016.03.04 15:01:57.173,0.73368,0.73393,1.00,1.00
2016.03.04 15:01:57.632,0.7337,0.73395,1.00,1.00
2016.03.04 15:01:57.968,0.73368,0.73393,1.00,1.00
2016.03.04 15:01:58.175,0.73366,0.73393,1.00,1.50
2016.03.04 15:01:58.278,0.73364,0.73389,1.00,1.00
2016.03.04 15:01:58.595,0.73368,0.73393,1.00,1.75
2016.03.04 15:01:58.899,0.7337,0.7339,2.85,1.00
2016.03.04 15:01:58.949,0.73374,0.73399,1.00,1.00
2016.03.04 15:01:59.000,0.73374,0.73399,1.00,1.75
2016.03.04 15:01:59.101,0.73374,0.73399,1.00,1.50
2016.03.04 15:01:59.151,0.73376,0.73399,1.00,1.00
2016.03.04 15:01:59.456,0.73379,0.73404,1.00,1.75
2016.03.04 15:01:59.758,0.73373,0.73398,1.00,1.75
2016.03.04 15:02:00.010,0.73373,0.73398,1.00,1.75
2016.03.04 15:02:00.182,0.73374,0.73401,1.00,1.75
2016.03.04 15:02:00.596,0.73376,0.73401,1.00,1.75
2016.03.04 15:02:00.798,0.73371,0.73396,1.12,1.50
2016.03.04 15:02:00.985,0.73371,0.73396,1.00,1.75
2016.03.04 15:02:01.036,0.73369,0.73394,1.12,1.50
2016.03.04 15:02:01.600,0.73368,0.73393,1.50,1.00
2016.03.04 15:02:01.701,0.73375,0.73397,1.00,1.50
2016.03.04 15:02:01.802,0.7337,0.73397,1.50,1.50
2016.03.04 15:02:02.016,0.73375,0.73395,1.00,1.00
2016.03.04 15:02:02.293,0.73375,0.73397,1.00,1.50
2016.03.04 15:02:02.797,0.7338,0.73397,1.00,1.00
2016.03.04 15:02:02.979,0.73375,0.73398,1.50,1.00
2016.03.04 15:02:03.030,0.73378,0.73403,1.00,1.50
2016.03.04 15:02:03.333,0.7338,0.73401,1.00,1.00
2016.03.04 15:02:03.434,0.73376,0.734,1.12,1.00
2016.03.04 15:02:03.636,0.7338,0.73402,1.00,1.12
2016.03.04 15:02:03.879,0.73376,0.734,1.12,1.00
2016.03.04 15:02:04.031,0.73378,0.734,1.00,1.00
2016.03.04 15:02:04.233,0.73379,0.73404,1.75,1.00
2016.03.04 15:02:04.435,0.73379,0.73403,1.00,1.00
2016.03.04 15:02:04.486,0.73377,0.73402,1.12,1.37
2016.03.04 15:02:04.846,0.7338,0.734,1.00,1.00
2016.03.04 15:02:04.897,0.73381,0.73406,1.00,1.75
2016.03.04 15:02:05.101,0.73385,0.73406,1.00,1.75
2016.03.04 15:02:05.303,0.73381,0.73408,1.00,1.75
2016.03.04 15:02:05.354,0.73378,0.73403,1.00,1.50
2016.03.04 15:02:05.555,0.73383,0.73408,1.00,2.10
2016.03.04 15:02:05.606,0.73383,0.73408,1.00,1.00
2016.03.04 15:02:05.707,0.73383,0.73408,1.00,1.75
2016.03.04 15:02:06.013,0.73385,0.7341,1.00,1.12
2016.03.04 15:02:06.669,0.73384,0.73409,1.00,1.00
2016.03.04 15:02:06.770,0.73381,0.73406,1.00,1.00
2016.03.04 15:02:07.123,0.73381,0.73408,1.00,1.00
2016.03.04 15:02:07.328,0.73385,0.7341,1.00,1.00
2016.03.04 15:02:07.532,0.73383,0.7341,1.00,1.50
2016.03.04 15:02:07.986,0.73381,0.73408,1.50,1.00
2016.03.04 15:02:08.087,0.73383,0.73408,1.00,1.00
2016.03.04 15:02:08.335,0.73383,0.7341,1.00,1.00
2016.03.04 15:02:08.385,0.73385,0.7341,1.00,1.00
2016.03.04 15:02:08.804,0.73385,0.73408,1.00,1.00
2016.03.04 15:02:09.126,0.73385,0.73405,1.00,1.00
2016.03.04 15:02:09.293,0.73381,0.73408,1.00,1.00
2016.03.04 15:02:09.516,0.73383,0.73408,1.00,1.00
2016.03.04 15:02:09.717,0.73393,0.73419,1.00,1.50
2016.03.04 15:02:09.818,0.734,0.73421,1.00,1.12
2016.03.04 15:02:09.919,0.73394,0.73421,1.37,1.12
2016.03.04 15:02:10.020,0.73395,0.73422,1.12,1.75
2016.03.04 15:02:10.626,0.73395,0.73422,1.37,1.75
2016.03.04 15:02:10.928,0.734,0.73425,1.00,1.75
2016.03.04 15:02:11.411,0.73398,0.73423,1.12,1.50
2016.03.04 15:02:11.512,0.734,0.73425,1.00,1.75
2016.03.04 15:02:11.865,0.73398,0.73423,1.00,1.00
2016.03.04 15:02:12.380,0.73397,0.7342,1.12,1.00
2016.03.04 15:02:12.582,0.73395,0.73419,1.00,1.00
2016.03.04 15:02:12.740,0.7339,0.73416,1.12,1.00
2016.03.04 15:02:12.929,0.73395,0.73415,1.00,1.00
2016.03.04 15:02:13.039,0.73392,0.73417,1.00,1.00
2016.03.04 15:02:13.543,0.73391,0.73416,1.75,1.00
2016.03.04 15:02:13.691,0.73394,0.73419,1.00,1.00
2016.03.04 15:02:13.948,0.73396,0.73421,1.00,1.00
2016.03.04 15:02:14.049,0.73393,0.7342,1.12,1.00
2016.03.04 15:02:14.402,0.73395,0.73419,1.00,1.00
2016.03.04 15:02:14.955,0.73396,0.73419,1.12,1.00
2016.03.04 15:02:15.005,0.73398,0.73422,1.00,1.00
2016.03.04 15:02:15.257,0.73396,0.73421,1.12,1.00
2016.03.04 15:02:15.358,0.73398,0.73422,1.00,1.00
2016.03.04 15:02:15.465,0.734,0.73426,1.00,1.00
2016.03.04 15:02:15.667,0.73403,0.73427,1.00,1.00
2016.03.04 15:02:15.819,0.73404,0.73429,1.00,1.00
2016.03.04 15:02:16.554,0.73404,0.73428,1.00,1.00
2016.03.04 15:02:17.068,0.73404,0.73429,1.50,1.00
2016.03.04 15:02:17.196,0.73403,0.73428,1.00,1.00
2016.03.04 15:02:17.713,0.73404,0.73429,1.00,1.00
2016.03.04 15:02:18.236,0.73404,0.7343,1.00,1.00
2016.03.04 15:02:18.413,0.73404,0.73428,1.00,1.00
2016.03.04 15:02:18.949,0.73405,0.73429,1.00,1.00
2016.03.04 15:02:19.101,0.73402,0.73428,1.12,1.00
2016.03.04 15:02:19.306,0.734,0.73425,1.00,1.00
2016.03.04 15:02:19.773,0.73401,0.73428,1.00,1.00
2016.03.04 15:02:19.874,0.73401,0.73426,1.00,1.00
2016.03.04 15:02:20.187,0.73404,0.73428,1.00,1.00
2016.03.04 15:02:20.504,0.73403,0.73425,1.00,1.00
2016.03.04 15:02:20.655,0.73405,0.7343,1.50,1.00
2016.03.04 15:02:20.756,0.73405,0.7343,2.10,1.00
2016.03.04 15:02:20.857,0.73407,0.7343,1.00,1.00
2016.03.04 15:02:20.954,0.73403,0.73428,1.50,1.00
2016.03.04 15:02:21.004,0.73403,0.73428,1.50,1.00
2016.03.04 15:02:21.310,0.73402,0.73427,1.00,1.00
2016.03.04 15:02:21.603,0.73402,0.73429,1.00,1.00
2016.03.04 15:02:21.805,0.73404,0.73429,1.12,1.00
2016.03.04 15:02:22.158,0.73408,0.7343,1.00,1.00
2016.03.04 15:02:22.703,0.73409,0.7343,1.00,1.00
2016.03.04 15:02:22.753,0.73409,0.73434,1.00,1.00
2016.03.04 15:02:22.937,0.73407,0.73432,1.75,1.00
2016.03.04 15:02:23.440,0.73406,0.73431,1.75,1.00
2016.03.04 15:02:23.757,0.73402,0.73425,1.37,1.00
2016.03.04 15:02:23.808,0.73396,0.73421,1.75,1.00
2016.03.04 15:02:23.910,0.73396,0.7342,1.50,1.12
2016.03.04 15:02:23.960,0.73397,0.73421,1.50,1.37
2016.03.04 15:02:24.061,0.734,0.73425,1.87,1.87
2016.03.04 15:02:24.597,0.734,0.73425,1.37,1.12
2016.03.04 15:02:24.648,0.734,0.73425,1.37,1.50
2016.03.04 15:02:24.849,0.73395,0.7342,1.50,1.12
2016.03.04 15:02:24.900,0.73395,0.7342,1.12,1.37
2016.03.04 15:02:25.265,0.734,0.73417,1.60,1.00
2016.03.04 15:02:25.495,0.73406,0.7343,1.12,1.75
2016.03.04 15:02:25.546,0.73406,0.7343,1.12,1.37
2016.03.04 15:02:25.598,0.73406,0.7343,1.37,1.00
2016.03.04 15:02:25.749,0.73401,0.73427,1.75,1.00
2016.03.04 15:02:26.195,0.73401,0.73426,1.35,1.00
2016.03.04 15:02:26.336,0.73405,0.7343,2.25,1.00
2016.03.04 15:02:26.488,0.73403,0.73428,1.75,1.00
2016.03.04 15:02:26.539,0.73403,0.73428,1.75,1.00
2016.03.04 15:02:26.691,0.73403,0.73428,1.75,1.00
2016.03.04 15:02:26.893,0.73402,0.73427,1.50,1.12
2016.03.04 15:02:27.156,0.734,0.73425,1.75,1.00
2016.03.04 15:02:27.658,0.73398,0.73423,1.75,1.00
2016.03.04 15:02:28.034,0.73396,0.7342,1.75,1.00
2016.03.04 15:02:28.135,0.73393,0.7342,1.75,1.00
2016.03.04 15:02:28.423,0.73393,0.73418,1.75,1.00
2016.03.04 15:02:28.800,0.73392,0.73415,1.00,1.12
2016.03.04 15:02:28.953,0.73388,0.7341,1.50,1.00
2016.03.04 15:02:29.156,0.73383,0.73408,1.37,1.12
2016.03.04 15:02:29.207,0.73385,0.7341,1.37,2.25
2016.03.04 15:02:29.509,0.73385,0.73409,1.12,1.50
2016.03.04 15:02:29.822,0.73381,0.73407,1.50,1.00
2016.03.04 15:02:29.873,0.73383,0.73407,1.00,1.00
2016.03.04 15:02:29.973,0.73381,0.73406,1.50,1.00
2016.03.04 15:02:30.327,0.73383,0.73407,1.00,1.00
2016.03.04 15:02:30.670,0.7338,0.73405,1.37,1.12
2016.03.04 15:02:30.721,0.7338,0.73405,1.12,1.50
2016.03.04 15:02:30.771,0.73375,0.73402,2.25,1.00
2016.03.04 15:02:31.026,0.73375,0.73402,1.75,1.75
2016.03.04 15:02:31.127,0.73378,0.73403,1.50,1.50
2016.03.04 15:02:31.328,0.73376,0.73401,1.75,1.00
2016.03.04 15:02:31.631,0.73388,0.7341,1.75,1.00
2016.03.04 15:02:31.682,0.7339,0.73413,1.75,1.00
2016.03.04 15:02:31.733,0.7339,0.73415,1.75,1.00
2016.03.04 15:02:31.783,0.73395,0.73415,1.00,1.00
2016.03.04 15:02:31.884,0.7339,0.73417,1.75,1.75
2016.03.04 15:02:32.638,0.73394,0.73415,1.00,1.00
2016.03.04 15:02:32.899,0.73396,0.7342,1.50,1.12
2016.03.04 15:02:33.441,0.73396,0.7342,1.75,1.00
2016.03.04 15:02:34.064,0.73391,0.73416,1.37,1.12
2016.03.04 15:02:34.115,0.73391,0.73415,1.00,1.37
2016.03.04 15:02:34.434,0.7339,0.73415,1.37,1.87
2016.03.04 15:02:34.543,0.7339,0.73415,1.75,2.25
2016.03.04 15:02:34.845,0.73387,0.73412,1.75,1.75
2016.03.04 15:02:35.169,0.73388,0.73413,3.00,1.75
2016.03.04 15:02:35.471,0.73387,0.7341,2.25,1.50
2016.03.04 15:02:35.522,0.73385,0.7341,3.00,1.75
2016.03.04 15:02:35.674,0.73385,0.7341,3.00,1.75
2016.03.04 15:02:35.919,0.7339,0.73408,1.00,1.00
2016.03.04 15:02:35.970,0.73385,0.7341,2.25,1.75
2016.03.04 15:02:36.020,0.73385,0.7341,1.75,1.75
2016.03.04 15:02:36.373,0.73385,0.7341,1.75,1.75
2016.03.04 15:02:36.424,0.73385,0.73411,2.25,1.75
2016.03.04 15:02:37.524,0.73387,0.73412,1.75,1.75
2016.03.04 15:02:37.970,0.73382,0.73407,3.00,1.50
2016.03.04 15:02:38.021,0.73385,0.73409,1.12,2.25
2016.03.04 15:02:38.173,0.7338,0.73407,3.75,1.75
2016.03.04 15:02:38.324,0.73381,0.73406,1.75,1.75
2016.03.04 15:02:38.988,0.7338,0.73405,2.25,2.25
2016.03.04 15:02:39.039,0.7338,0.73405,1.75,3.00
2016.03.04 15:02:39.464,0.7338,0.73405,1.75,1.75
2016.03.04 15:02:39.878,0.73379,0.73404,2.25,1.37
2016.03.04 15:02:40.281,0.73382,0.73404,2.25,1.00
2016.03.04 15:02:40.382,0.73388,0.73405,1.00,1.00
2016.03.04 15:02:40.483,0.73382,0.73405,2.25,1.00
2016.03.04 15:02:40.830,0.73389,0.73409,3.75,1.00
2016.03.04 15:02:40.930,0.7339,0.73415,2.25,2.25
2016.03.04 15:02:41.031,0.73387,0.73413,1.75,1.50
2016.03.04 15:02:41.082,0.73387,0.73413,5.25,1.50
2016.03.04 15:02:41.912,0.73394,0.73412,1.00,1.00
2016.03.04 15:02:42.450,0.73395,0.73413,1.00,1.00
2016.03.04 15:02:43.099,0.7339,0.73415,3.00,1.75
2016.03.04 15:02:43.409,0.73397,0.73415,1.00,1.00
2016.03.04 15:02:43.913,0.7339,0.73415,1.75,1.75
2016.03.04 15:02:44.706,0.73391,0.73416,3.00,1.50
2016.03.04 15:02:45.008,0.73392,0.73415,1.75,1.75
2016.03.04 15:02:45.172,0.73393,0.73415,1.75,1.12
2016.03.04 15:02:45.707,0.73398,0.73416,1.00,1.00
2016.03.04 15:02:46.264,0.73398,0.73415,1.00,1.00
2016.03.04 15:02:46.795,0.73391,0.73416,1.75,2.25
2016.03.04 15:02:47.232,0.73392,0.73416,2.25,2.25
2016.03.04 15:02:47.583,0.73393,0.73415,1.75,1.50
2016.03.04 15:02:47.633,0.73389,0.73415,3.00,1.75
2016.03.04 15:02:47.835,0.73388,0.73413,1.75,1.75
2016.03.04 15:02:48.294,0.73386,0.73411,1.75,1.75
2016.03.04 15:02:48.395,0.73387,0.73405,1.00,1.00
2016.03.04 15:02:48.876,0.73383,0.7341,3.00,1.75
2016.03.04 15:02:49.462,0.73386,0.7341,1.75,1.75
2016.03.04 15:02:49.780,0.73382,0.73409,4.50,1.75
2016.03.04 15:02:50.936,0.73384,0.73408,2.25,1.50
2016.03.04 15:02:51.280,0.73384,0.73408,1.75,1.75
2016.03.04 15:02:52.433,0.73382,0.73403,2.25,1.00
2016.03.04 15:02:52.585,0.73378,0.73403,1.75,1.75
2016.03.04 15:02:52.635,0.73378,0.73403,1.75,1.75
2016.03.04 15:02:52.887,0.7338,0.73398,1.00,1.00
2016.03.04 15:02:53.401,0.73381,0.73399,1.00,1.00
2016.03.04 15:02:54.011,0.73376,0.73401,1.75,1.75
2016.03.04 15:02:54.525,0.73377,0.734,1.75,1.75
2016.03.04 15:02:54.676,0.73377,0.734,1.75,1.12
2016.03.04 15:02:54.727,0.73377,0.734,1.75,1.50
2016.03.04 15:02:54.778,0.73375,0.73398,1.75,1.50
2016.03.04 15:02:54.913,0.73372,0.73395,2.25,1.37
2016.03.04 15:02:55.447,0.73379,0.73395,1.00,1.00
2016.03.04 15:02:55.986,0.73379,0.73396,1.00,1.50
2016.03.04 15:02:56.507,0.73371,0.73395,2.25,1.00
2016.03.04 15:02:57.028,0.73371,0.73394,2.25,1.00
2016.03.04 15:02:57.474,0.7337,0.73393,1.75,1.12
2016.03.04 15:02:57.726,0.73375,0.73397,1.75,1.37
2016.03.04 15:02:57.906,0.73377,0.73402,1.75,1.75
2016.03.04 15:02:58.108,0.73379,0.73403,1.75,1.75
2016.03.04 15:03:01.126,0.73376,0.73399,2.25,1.12
2016.03.04 15:03:01.805,0.73376,0.734,1.75,1.50
2016.03.04 15:03:02.355,0.73386,0.73407,1.00,1.75
2016.03.04 15:03:02.456,0.73382,0.73405,1.75,1.00
2016.03.04 15:03:02.557,0.73382,0.73406,1.75,1.75
2016.03.04 15:03:02.859,0.73384,0.73408,1.75,1.75
2016.03.04 15:03:03.856,0.73383,0.73407,3.00,1.37
2016.03.04 15:03:03.957,0.73384,0.73407,2.25,1.12
2016.03.04 15:03:04.534,0.73384,0.73406,2.25,1.00
2016.03.04 15:03:04.634,0.73382,0.73406,3.75,1.50
2016.03.04 15:03:04.735,0.73381,0.73406,1.75,1.50
2016.03.04 15:03:04.786,0.73381,0.73406,1.75,1.75
2016.03.04 15:03:04.836,0.73381,0.73405,1.75,1.75
2016.03.04 15:03:04.987,0.7338,0.734,1.50,1.37
2016.03.04 15:03:05.038,0.7338,0.734,1.50,1.75
2016.03.04 15:03:05.205,0.73372,0.73398,1.75,1.75
2016.03.04 15:03:05.508,0.73378,0.73401,1.75,1.75
2016.03.04 15:03:05.559,0.7338,0.73398,1.00,1.00
2016.03.04 15:03:05.610,0.73378,0.734,1.37,1.75
2016.03.04 15:03:05.660,0.73377,0.73395,1.00,1.00
2016.03.04 15:03:05.999,0.73372,0.73395,4.50,1.50
2016.03.04 15:03:06.150,0.73373,0.73391,1.00,1.00
2016.03.04 15:03:06.202,0.7337,0.73391,1.75,1.50
2016.03.04 15:03:06.504,0.73371,0.73394,1.37,2.25
2016.03.04 15:03:06.555,0.73371,0.73395,1.75,1.75
2016.03.04 15:03:06.656,0.7337,0.73396,2.25,1.00
2016.03.04 15:03:07.164,0.73369,0.73394,1.75,1.00
2016.03.04 15:03:07.473,0.73368,0.73392,1.75,1.00
2016.03.04 15:03:07.524,0.7337,0.73394,1.75,1.12
2016.03.04 15:03:07.665,0.73366,0.73392,1.75,1.00
2016.03.04 15:03:08.075,0.73371,0.73395,1.50,1.37
2016.03.04 15:03:08.428,0.73371,0.73396,1.50,1.00
2016.03.04 15:03:08.550,0.73371,0.73395,1.00,1.50
2016.03.04 15:03:08.888,0.7337,0.73391,1.00,1.00
2016.03.04 15:03:09.039,0.7337,0.73395,1.87,2.25
2016.03.04 15:03:09.140,0.7337,0.73395,1.87,2.25
2016.03.04 15:03:09.604,0.73369,0.73393,1.75,1.00
2016.03.04 15:03:09.756,0.7337,0.73394,1.12,1.12
2016.03.04 15:03:09.806,0.7337,0.73392,1.12,1.00
2016.03.04 15:03:10.355,0.73369,0.73391,1.12,1.00
2016.03.04 15:03:10.756,0.7337,0.73393,1.12,1.00
2016.03.04 15:03:10.857,0.7337,0.73393,1.75,1.75
2016.03.04 15:03:12.533,0.73367,0.73391,4.50,1.12
2016.03.04 15:03:12.634,0.73368,0.73392,1.75,1.75
2016.03.04 15:03:12.735,0.73365,0.73389,1.75,1.75
2016.03.04 15:03:13.043,0.73366,0.73391,2.25,1.12
2016.03.04 15:03:13.144,0.73369,0.73393,1.75,1.75
2016.03.04 15:03:13.336,0.73374,0.73392,1.00,1.00
2016.03.04 15:03:13.437,0.73369,0.73393,3.00,1.50
2016.03.04 15:03:14.583,0.73369,0.7339,3.00,1.00
2016.03.04 15:03:15.464,0.73367,0.7339,3.75,1.00
2016.03.04 15:03:15.767,0.73366,0.73385,2.25,1.00
2016.03.04 15:03:16.333,0.73366,0.7339,2.25,1.50
2016.03.04 15:03:16.434,0.7337,0.73388,1.00,1.00
2016.03.04 15:03:16.484,0.73365,0.7339,3.00,1.75
2016.03.04 15:03:16.963,0.73373,0.7339,1.00,1.00
2016.03.04 15:03:17.014,0.7337,0.73391,1.75,1.12
2016.03.04 15:03:17.316,0.73365,0.73385,4.50,1.00
2016.03.04 15:03:17.368,0.73365,0.73385,1.75,1.00
2016.03.04 15:03:17.469,0.73367,0.73385,1.00,2.25
2016.03.04 15:03:17.570,0.73363,0.73385,2.25,1.50
2016.03.04 15:03:17.892,0.73369,0.7339,2.25,1.00
2016.03.04 15:03:17.993,0.73368,0.7339,1.75,1.37
2016.03.04 15:03:18.044,0.73368,0.7339,1.75,1.00
2016.03.04 15:03:18.346,0.73371,0.73395,1.75,2.25
2016.03.04 15:03:18.516,0.73368,0.73388,3.75,1.37
2016.03.04 15:03:18.566,0.73364,0.73388,1.75,1.75
2016.03.04 15:03:18.768,0.73365,0.73385,3.00,1.00
2016.03.04 15:03:18.869,0.73371,0.7339,1.00,2.25
2016.03.04 15:03:18.971,0.73362,0.73386,2.25,1.50
2016.03.04 15:03:19.072,0.73365,0.73383,1.00,1.00
2016.03.04 15:03:19.173,0.73363,0.73381,1.00,1.00
2016.03.04 15:03:19.511,0.73359,0.73384,1.75,1.75
2016.03.04 15:03:19.814,0.73357,0.7338,1.75,1.50
2016.03.04 15:03:20.160,0.73361,0.73385,3.00,2.25
2016.03.04 15:03:20.217,0.73361,0.73385,3.00,1.87
2016.03.04 15:03:20.268,0.73361,0.73385,1.75,1.87
2016.03.04 15:03:20.520,0.73362,0.73385,2.25,1.12
2016.03.04 15:03:20.671,0.73367,0.73385,1.00,1.37
2016.03.04 15:03:21.087,0.73362,0.73385,1.75,1.75
2016.03.04 15:03:21.288,0.73362,0.7338,1.00,1.00
2016.03.04 15:03:21.389,0.7336,0.73381,1.75,1.75
2016.03.04 15:03:21.769,0.73365,0.7339,1.75,2.25
2016.03.04 15:03:22.073,0.7336,0.7338,3.00,1.00
2016.03.04 15:03:22.174,0.7336,0.73384,3.00,1.50
2016.03.04 15:03:22.477,0.73366,0.7338,1.00,1.00
2016.03.04 15:03:22.980,0.73359,0.73381,4.50,1.00
2016.03.04 15:03:23.525,0.73359,0.73384,4.50,1.50
2016.03.04 15:03:24.619,0.7336,0.73385,3.00,1.75
2016.03.04 15:03:25.122,0.73363,0.73381,1.00,1.00
2016.03.04 15:03:25.380,0.73359,0.73383,2.25,1.37
2016.03.04 15:03:25.431,0.73366,0.73384,1.00,1.00
2016.03.04 15:03:25.808,0.73362,0.73385,2.25,1.12
2016.03.04 15:03:26.571,0.73362,0.73384,2.25,1.00
2016.03.04 15:03:27.108,0.73362,0.73387,3.00,1.75
2016.03.04 15:03:27.687,0.73368,0.73386,1.00,1.00
2016.03.04 15:03:27.989,0.73363,0.73387,2.25,1.12
2016.03.04 15:03:28.351,0.73372,0.7339,1.00,1.50
2016.03.04 15:03:28.503,0.73369,0.73391,2.25,1.37
2016.03.04 15:03:28.654,0.73371,0.73395,1.75,1.75
2016.03.04 15:03:28.855,0.73376,0.73394,1.00,1.00
2016.03.04 15:03:29.230,0.73371,0.73395,3.00,1.50
2016.03.04 15:03:29.935,0.7337,0.73395,2.25,2.25
2016.03.04 15:03:30.135,0.73369,0.73394,1.75,1.75
2016.03.04 15:03:30.491,0.73369,0.73394,1.75,1.75
2016.03.04 15:03:31.194,0.73371,0.73396,1.75,1.75
2016.03.04 15:03:31.698,0.73374,0.73395,1.12,1.75
2016.03.04 15:03:32.157,0.73366,0.7339,2.25,1.75
2016.03.04 15:03:32.459,0.73367,0.73385,1.75,1.00
2016.03.04 15:03:32.756,0.73366,0.7339,1.75,1.75
2016.03.04 15:03:32.807,0.73366,0.7339,1.75,1.75
2016.03.04 15:03:33.111,0.73363,0.73388,1.75,1.75
2016.03.04 15:03:33.212,0.73365,0.73383,1.00,1.00
2016.03.04 15:03:33.313,0.73362,0.73385,1.75,1.75
2016.03.04 15:03:33.826,0.7336,0.73385,1.75,2.25
2016.03.04 15:03:34.155,0.73362,0.73387,3.00,1.75
2016.03.04 15:03:34.532,0.73372,0.7339,1.00,1.50
2016.03.04 15:03:34.633,0.73365,0.7339,1.75,2.25
2016.03.04 15:03:36.234,0.73365,0.73389,2.25,1.12
2016.03.04 15:03:36.543,0.73365,0.73391,1.75,1.75
2016.03.04 15:03:38.810,0.73368,0.73393,1.75,3.00
2016.03.04 15:03:38.860,0.73368,0.73393,1.75,1.75
2016.03.04 15:03:38.961,0.73368,0.73393,1.75,1.75
2016.03.04 15:03:39.558,0.73366,0.73391,1.75,1.75
2016.03.04 15:03:41.841,0.73368,0.73392,1.75,1.75
2016.03.04 15:03:42.093,0.73373,0.73397,1.75,1.75
2016.03.04 15:03:42.446,0.73371,0.73395,1.75,1.75
2016.03.04 15:03:42.600,0.73372,0.7339,1.00,1.00
2016.03.04 15:03:42.751,0.73374,0.73395,1.37,1.37
2016.03.04 15:03:42.801,0.73378,0.73395,1.00,1.00
2016.03.04 15:03:42.953,0.73374,0.73395,1.75,1.37
2016.03.04 15:03:43.104,0.73371,0.73395,1.75,2.25
2016.03.04 15:03:43.547,0.73371,0.73394,3.00,1.00
2016.03.04 15:03:44.051,0.73375,0.73399,1.75,1.75
2016.03.04 15:03:44.359,0.73375,0.73395,1.75,1.75
2016.03.04 15:03:44.561,0.73372,0.73395,1.75,1.75
2016.03.04 15:03:45.073,0.73374,0.73392,1.00,1.00
2016.03.04 15:03:45.266,0.73373,0.73395,1.75,1.75
2016.03.04 15:03:45.469,0.73374,0.73394,1.50,1.00
2016.03.04 15:03:45.570,0.73374,0.73395,1.75,1.00
2016.03.04 15:03:46.075,0.73378,0.73402,1.75,1.75
2016.03.04 15:03:46.603,0.73377,0.73403,1.75,1.75
2016.03.04 15:03:46.654,0.73377,0.734,1.75,1.75
2016.03.04 15:03:47.172,0.73378,0.734,1.00,1.75
2016.03.04 15:03:47.524,0.73372,0.73399,1.75,3.00
2016.03.04 15:03:47.726,0.7337,0.73393,1.75,1.75
2016.03.04 15:03:49.134,0.73375,0.73397,1.00,2.25
2016.03.04 15:03:49.336,0.7337,0.73394,2.25,1.75
2016.03.04 15:03:49.437,0.73371,0.73395,1.75,1.75
2016.03.04 15:03:49.538,0.73375,0.73393,1.00,1.00
2016.03.04 15:03:49.660,0.73375,0.73393,1.50,1.00
2016.03.04 15:03:49.861,0.7338,0.73398,1.00,1.00
2016.03.04 15:03:49.912,0.7338,0.73404,1.50,1.75
2016.03.04 15:03:49.963,0.73382,0.734,1.00,1.00
2016.03.04 15:03:50.418,0.73376,0.734,1.75,1.50
2016.03.04 15:03:50.735,0.73374,0.73398,1.75,1.75
2016.03.04 15:03:51.038,0.73377,0.73401,1.75,1.75
2016.03.04 15:03:51.556,0.73379,0.73399,1.50,1.75
2016.03.04 15:03:51.858,0.7338,0.73404,2.25,1.75
2016.03.04 15:03:52.207,0.73381,0.73401,1.00,1.75
2016.03.04 15:03:52.258,0.73377,0.73401,1.75,1.75
2016.03.04 15:03:52.359,0.7338,0.734,1.75,1.12
2016.03.04 15:03:52.678,0.73375,0.73399,1.75,1.75
2016.03.04 15:03:53.221,0.73378,0.734,1.50,1.75
2016.03.04 15:03:53.523,0.7338,0.73397,1.37,1.00
2016.03.04 15:03:53.967,0.73374,0.73397,1.75,1.75
2016.03.04 15:03:54.271,0.73377,0.73395,1.00,1.50
2016.03.04 15:03:54.372,0.73373,0.73395,1.75,1.75
2016.03.04 15:03:54.877,0.73373,0.73395,1.75,1.75
2016.03.04 15:03:55.189,0.73372,0.7339,1.75,1.00
2016.03.04 15:03:55.724,0.73372,0.73395,1.75,1.75
2016.03.04 15:03:55.878,0.73371,0.7339,1.75,1.00
2016.03.04 15:03:56.029,0.73367,0.73391,2.25,1.75
2016.03.04 15:03:56.669,0.73368,0.73391,1.75,1.75
2016.03.04 15:03:58.559,0.73371,0.73395,1.50,2.25
2016.03.04 15:03:58.753,0.73375,0.73396,1.75,1.75
2016.03.04 15:03:59.156,0.73369,0.73393,2.25,1.75
2016.03.04 15:03:59.458,0.73375,0.73393,1.00,1.50
2016.03.04 15:03:59.556,0.73372,0.73393,3.00,1.00
2016.03.04 15:03:59.809,0.73375,0.73396,1.75,1.50
2016.03.04 15:04:00.186,0.73373,0.73391,1.00,1.00
2016.03.04 15:04:00.287,0.73368,0.73393,1.75,1.75
2016.03.04 15:04:00.662,0.7337,0.73388,1.00,1.00
2016.03.04 15:04:02.303,0.73371,0.73394,1.50,1.75
2016.03.04 15:04:02.662,0.73369,0.73393,1.75,1.75
2016.03.04 15:04:02.763,0.73373,0.73393,1.00,1.50
2016.03.04 15:04:03.364,0.73368,0.73393,1.75,1.75
2016.03.04 15:04:04.382,0.7337,0.73395,1.75,1.75
2016.03.04 15:04:04.433,0.73372,0.73399,1.75,1.75
2016.03.04 15:04:07.053,0.73374,0.73399,2.25,1.75
2016.03.04 15:04:07.104,0.73375,0.73399,1.75,1.75
2016.03.04 15:04:07.205,0.73375,0.73399,3.00,1.50
2016.03.04 15:04:07.594,0.73375,0.734,1.75,1.75
2016.03.04 15:04:07.695,0.73372,0.73397,3.00,1.75
2016.03.04 15:04:07.796,0.73372,0.73397,1.75,1.75
2016.03.04 15:04:08.297,0.73371,0.73397,1.75,1.75
2016.03.04 15:04:08.498,0.73374,0.73392,1.00,1.00
2016.03.04 15:04:09.048,0.73375,0.73392,1.00,1.00
2016.03.04 15:04:09.352,0.73375,0.73398,1.50,1.75
2016.03.04 15:04:09.856,0.73373,0.73398,1.75,1.75
2016.03.04 15:04:10.943,0.7338,0.73402,1.00,3.00
2016.03.04 15:04:11.095,0.73382,0.73406,1.50,2.25
2016.03.04 15:04:11.196,0.73385,0.73401,1.00,1.00
2016.03.04 15:04:11.713,0.73382,0.73407,1.75,1.75
2016.03.04 15:04:11.915,0.73382,0.734,1.50,1.00
2016.03.04 15:04:12.016,0.73382,0.73407,1.75,1.75
2016.03.04 15:04:12.928,0.73383,0.73401,1.00,1.00
2016.03.04 15:04:13.263,0.73383,0.73401,1.50,1.00
2016.03.04 15:04:14.371,0.7339,0.73406,1.00,1.50
2016.03.04 15:04:14.422,0.7339,0.7341,1.00,2.25
2016.03.04 15:04:14.523,0.73386,0.7341,1.75,1.75
2016.03.04 15:04:14.624,0.73386,0.7341,1.75,1.75
2016.03.04 15:04:15.173,0.73389,0.73407,1.00,1.00
2016.03.04 15:04:16.594,0.73384,0.7341,2.25,1.75
2016.03.04 15:04:17.242,0.7339,0.73412,1.50,1.75
2016.03.04 15:04:17.544,0.7339,0.73414,1.75,1.75
2016.03.04 15:04:17.797,0.73396,0.73414,1.00,1.00
2016.03.04 15:04:17.898,0.73392,0.73415,3.75,1.12
2016.03.04 15:04:18.602,0.73395,0.73418,1.75,1.75
2016.03.04 15:04:19.623,0.73395,0.73419,2.25,1.75
2016.03.04 15:04:20.049,0.73395,0.73419,1.75,1.50
2016.03.04 15:04:20.352,0.73405,0.73423,1.75,1.00
2016.03.04 15:04:20.503,0.73405,0.73429,1.75,1.50
2016.03.04 15:04:21.214,0.73405,0.73428,1.75,1.37
2016.03.04 15:04:21.743,0.73403,0.73428,1.75,1.75
2016.03.04 15:04:22.316,0.73403,0.73428,3.00,1.75
2016.03.04 15:04:22.468,0.73403,0.73428,1.75,1.75
2016.03.04 15:04:22.518,0.73403,0.73426,3.00,1.00
2016.03.04 15:04:22.864,0.73402,0.73427,1.75,1.75
2016.03.04 15:04:23.166,0.734,0.7342,1.75,1.75
2016.03.04 15:04:23.695,0.734,0.73418,1.75,1.00
2016.03.04 15:04:23.846,0.73395,0.73418,1.75,1.50
2016.03.04 15:04:23.947,0.73398,0.73416,1.00,1.00
2016.03.04 15:04:24.545,0.73397,0.73421,1.75,1.75
2016.03.04 15:04:25.159,0.73395,0.7342,1.75,1.75
2016.03.04 15:04:25.520,0.73392,0.73416,1.75,1.75
2016.03.04 15:04:25.932,0.73392,0.73416,1.75,1.50
2016.03.04 15:04:25.983,0.73392,0.73416,1.75,1.50
2016.03.04 15:04:26.274,0.73395,0.73421,1.75,1.75
2016.03.04 15:04:26.375,0.73399,0.73417,1.00,1.00
2016.03.04 15:04:26.476,0.73394,0.73419,1.75,1.75
2016.03.04 15:04:26.799,0.7339,0.73416,1.75,1.75
2016.03.04 15:04:27.301,0.7339,0.73414,1.75,1.75
2016.03.04 15:04:27.864,0.73392,0.73416,1.75,1.75
2016.03.04 15:04:28.318,0.73395,0.73418,1.75,1.50
2016.03.04 15:04:28.771,0.734,0.73421,1.50,1.75
2016.03.04 15:04:29.261,0.734,0.73418,1.00,1.75
2016.03.04 15:04:29.362,0.73395,0.73413,1.00,1.00
2016.03.04 15:04:29.462,0.7339,0.73413,1.75,1.75
2016.03.04 15:04:29.764,0.73394,0.73419,1.75,1.75
2016.03.04 15:04:30.048,0.73396,0.73414,1.00,1.00
2016.03.04 15:04:30.149,0.73395,0.73419,1.75,1.75
2016.03.04 15:04:30.453,0.734,0.73421,1.75,1.75
2016.03.04 15:04:32.678,0.73395,0.73418,1.75,1.50
2016.03.04 15:04:33.013,0.73395,0.7342,2.25,1.75
2016.03.04 15:04:33.164,0.73395,0.73421,2.25,1.75
2016.03.04 15:04:33.366,0.734,0.73424,2.25,1.75
2016.03.04 15:04:33.669,0.73395,0.73417,1.75,1.75
2016.03.04 15:04:34.002,0.7339,0.73413,1.75,1.75
2016.03.04 15:04:34.506,0.73393,0.73411,1.00,1.00
2016.03.04 15:04:36.534,0.73386,0.73413,1.75,1.75
2016.03.04 15:04:36.877,0.7339,0.73413,1.75,1.75
2016.03.04 15:04:37.837,0.73395,0.73414,1.50,1.75
2016.03.04 15:04:38.140,0.73396,0.73422,1.75,1.35
2016.03.04 15:04:38.241,0.73401,0.73419,1.00,1.00
2016.03.04 15:04:38.777,0.73402,0.7342,1.00,1.00
2016.03.04 15:04:39.331,0.73397,0.73421,1.75,1.75
2016.03.04 15:04:40.165,0.73396,0.73421,4.50,1.75
2016.03.04 15:04:40.216,0.73395,0.7342,1.75,1.75
2016.03.04 15:04:40.316,0.73391,0.73414,1.75,1.37
2016.03.04 15:04:40.618,0.73389,0.73414,1.75,1.75
2016.03.04 15:04:40.844,0.734,0.7342,1.12,1.35
2016.03.04 15:04:41.197,0.73401,0.73424,1.50,3.75
2016.03.04 15:04:41.248,0.73401,0.73425,1.75,1.75
2016.03.04 15:04:41.955,0.734,0.73424,1.75,1.75
2016.03.04 15:04:42.529,0.73405,0.73426,1.50,2.25
2016.03.04 15:04:42.580,0.73405,0.73428,2.47,2.25
2016.03.04 15:04:42.681,0.73405,0.7343,2.25,2.25
2016.03.04 15:04:43.186,0.73405,0.73423,1.00,1.00
2016.03.04 15:04:43.236,0.73403,0.73427,1.50,1.75
2016.03.04 15:04:43.567,0.73408,0.73431,1.50,2.25
2016.03.04 15:04:43.868,0.73408,0.73433,1.75,1.75
2016.03.04 15:04:44.449,0.73408,0.73433,1.75,4.50
2016.03.04 15:04:44.952,0.73406,0.73431,1.75,1.75
2016.03.04 15:04:45.258,0.73406,0.73428,1.37,2.25
2016.03.04 15:04:45.309,0.73406,0.73428,1.00,2.25
2016.03.04 15:04:45.825,0.73399,0.73424,1.75,1.75
2016.03.04 15:04:46.110,0.73399,0.7342,1.75,1.72
2016.03.04 15:04:46.160,0.73394,0.73419,3.00,1.37
2016.03.04 15:04:46.211,0.73394,0.73419,1.75,1.75
2016.03.04 15:04:46.463,0.73397,0.73422,1.50,1.75
2016.03.04 15:04:46.514,0.73397,0.73422,1.75,1.75
2016.03.04 15:04:47.069,0.73397,0.73422,1.75,3.00
2016.03.04 15:04:47.344,0.73399,0.73424,1.37,2.25
2016.03.04 15:04:47.879,0.73399,0.73424,1.75,1.75
2016.03.04 15:04:48.190,0.73395,0.73421,1.75,1.75
2016.03.04 15:04:48.494,0.73398,0.73423,1.75,2.25
2016.03.04 15:04:49.017,0.73398,0.73423,1.75,1.75
2016.03.04 15:04:49.068,0.73398,0.73423,1.75,1.75
2016.03.04 15:04:49.721,0.73394,0.73419,3.00,2.10
2016.03.04 15:04:49.822,0.73394,0.73417,1.75,1.35
2016.03.04 15:04:49.873,0.73393,0.73417,1.75,1.35
2016.03.04 15:04:50.025,0.73396,0.73414,1.00,1.00
2016.03.04 15:04:50.531,0.73394,0.73418,1.75,1.75
2016.03.04 15:04:50.833,0.73395,0.73422,1.75,3.00
2016.03.04 15:04:51.135,0.73398,0.73416,1.00,1.00
2016.03.04 15:04:52.148,0.73394,0.73419,1.75,1.75
2016.03.04 15:04:52.457,0.73392,0.73416,1.75,1.75
2016.03.04 15:04:52.760,0.7339,0.73417,3.00,1.75
2016.03.04 15:04:52.861,0.73395,0.73413,1.00,1.00
2016.03.04 15:04:53.062,0.73393,0.73418,1.75,1.75
2016.03.04 15:04:53.584,0.73394,0.73417,1.12,1.75
2016.03.04 15:04:53.788,0.73395,0.73413,1.50,1.50
2016.03.04 15:04:54.053,0.73395,0.73413,1.50,1.00
2016.03.04 15:04:54.444,0.73395,0.73416,1.75,1.50
2016.03.04 15:04:55.269,0.73391,0.73415,3.75,1.37
2016.03.04 15:04:55.319,0.7339,0.73415,1.75,1.75
2016.03.04 15:04:55.722,0.73395,0.73412,1.00,1.00
2016.03.04 15:04:55.772,0.73395,0.73419,1.37,3.00
2016.03.04 15:04:55.823,0.73394,0.73418,1.75,1.75
2016.03.04 15:04:56.604,0.73395,0.7342,1.75,2.25
2016.03.04 15:04:56.969,0.73397,0.73421,1.75,2.25
2016.03.04 15:04:57.835,0.73396,0.73415,1.50,1.75
2016.03.04 15:04:58.032,0.73395,0.73413,1.00,1.00
2016.03.04 15:04:58.132,0.73395,0.73417,1.00,2.25
2016.03.04 15:04:58.341,0.73393,0.73411,1.00,1.00
2016.03.04 15:04:58.543,0.73395,0.73417,1.00,3.00
2016.03.04 15:04:59.032,0.73392,0.73415,1.12,1.75
2016.03.04 15:04:59.334,0.73391,0.73416,1.75,1.75
2016.03.04 15:04:59.435,0.73395,0.73418,1.00,3.00
2016.03.04 15:04:59.834,0.73392,0.73417,1.37,1.75
2016.03.04 15:04:59.935,0.73394,0.73417,1.00,2.25
2016.03.04 15:05:00.470,0.73394,0.73415,1.00,2.25
2016.03.04 15:05:00.571,0.73393,0.73416,1.50,1.35
2016.03.04 15:05:01.458,0.7339,0.73413,1.50,1.75
2016.03.04 15:05:02.232,0.73395,0.73414,1.00,1.75
2016.03.04 15:05:02.294,0.7339,0.73414,1.50,1.75
2016.03.04 15:05:02.838,0.7339,0.73414,1.12,1.75
2016.03.04 15:05:03.342,0.73388,0.73413,1.75,1.75
2016.03.04 15:05:04.667,0.73386,0.73412,1.75,2.85
2016.03.04 15:05:04.768,0.73387,0.73405,1.00,1.00
2016.03.04 15:05:06.611,0.73385,0.7341,2.25,5.25
2016.03.04 15:05:07.121,0.73383,0.73405,1.50,1.75
2016.03.04 15:05:07.323,0.73381,0.73405,1.75,1.75
2016.03.04 15:05:07.792,0.7339,0.73411,1.37,2.25
2016.03.04 15:05:07.843,0.7339,0.73413,1.50,2.10
2016.03.04 15:05:08.502,0.7339,0.73408,1.50,1.00
2016.03.04 15:05:09.515,0.7339,0.73414,1.75,1.75
2016.03.04 15:05:09.699,0.7339,0.73414,1.75,1.75
2016.03.04 15:05:09.750,0.73395,0.73414,1.00,1.75
2016.03.04 15:05:10.221,0.73391,0.73415,1.75,4.50
2016.03.04 15:05:10.272,0.73391,0.73415,1.37,4.50
2016.03.04 15:05:11.081,0.73393,0.73415,1.00,4.50
2016.03.04 15:05:11.619,0.73391,0.73414,1.50,2.25
2016.03.04 15:05:12.121,0.7339,0.73414,1.50,3.00
2016.03.04 15:05:13.303,0.7339,0.73415,1.50,3.00
2016.03.04 15:05:13.404,0.73396,0.73409,1.00,1.00
2016.03.04 15:05:13.505,0.73396,0.73419,1.12,3.75
2016.03.04 15:05:14.036,0.73396,0.73417,1.00,1.35
2016.03.04 15:05:14.138,0.73391,0.73415,1.75,1.75
2016.03.04 15:05:14.339,0.7339,0.73414,1.50,3.00
2016.03.04 15:05:15.249,0.73389,0.73414,1.75,1.75
2016.03.04 15:05:15.791,0.73391,0.73415,1.75,1.75
2016.03.04 15:05:16.295,0.73393,0.73411,1.00,1.00
2016.03.04 15:05:16.687,0.73391,0.73409,1.00,1.00
2016.03.04 15:05:17.263,0.73389,0.73413,1.50,2.25
2016.03.04 15:05:17.414,0.73387,0.73411,1.50,3.00
2016.03.04 15:05:17.604,0.73389,0.73407,1.00,1.00
2016.03.04 15:05:17.823,0.73386,0.73411,1.75,1.75
2016.03.04 15:05:18.075,0.73393,0.73417,1.75,1.75
2016.03.04 15:05:18.126,0.73393,0.73417,1.75,1.75
2016.03.04 15:05:18.464,0.73394,0.73412,1.00,1.00
2016.03.04 15:05:18.565,0.7339,0.73414,1.75,1.75
2016.03.04 15:05:18.868,0.7339,0.73413,1.12,2.25
2016.03.04 15:05:19.198,0.73392,0.73415,1.12,2.25
2016.03.04 15:05:19.774,0.73388,0.7341,1.75,1.75
2016.03.04 15:05:19.875,0.7339,0.73412,1.12,1.75
2016.03.04 15:05:20.318,0.73391,0.73409,1.50,1.00
2016.03.04 15:05:20.949,0.73392,0.73409,1.00,1.00
2016.03.04 15:05:21.508,0.73391,0.73409,1.00,1.00
2016.03.04 15:05:21.709,0.73387,0.73414,1.75,3.00
2016.03.04 15:05:22.211,0.73388,0.73412,1.37,2.25
2016.03.04 15:05:22.699,0.73389,0.73414,2.25,1.75
2016.03.04 15:05:23.001,0.73386,0.73411,1.75,1.75
2016.03.04 15:05:23.347,0.73386,0.73411,1.75,3.00
2016.03.04 15:05:23.833,0.73389,0.73414,1.50,3.75
2016.03.04 15:05:24.271,0.73388,0.73412,1.12,2.25
2016.03.04 15:05:25.532,0.73385,0.73409,1.75,1.75
2016.03.04 15:05:25.834,0.73386,0.73404,1.00,1.00
2016.03.04 15:05:25.886,0.73383,0.73409,1.75,1.75
2016.03.04 15:05:25.937,0.73384,0.73402,1.00,1.00
2016.03.04 15:05:26.274,0.73387,0.73402,1.00,1.00
2016.03.04 15:05:26.325,0.73387,0.7341,1.75,1.75
2016.03.04 15:05:26.527,0.73387,0.73405,1.50,1.00
2016.03.04 15:05:26.729,0.73387,0.7341,1.75,1.75
2016.03.04 15:05:27.918,0.73387,0.7341,1.75,1.75
2016.03.04 15:05:28.019,0.73387,0.7341,1.75,1.75
2016.03.04 15:05:28.214,0.73387,0.7341,1.12,2.25
2016.03.04 15:05:29.295,0.7339,0.73412,1.50,4.50
2016.03.04 15:05:29.497,0.73392,0.73411,1.75,1.00
2016.03.04 15:05:30.004,0.73394,0.73415,1.12,1.75
2016.03.04 15:05:30.193,0.73391,0.73415,1.50,2.25
2016.03.04 15:05:31.644,0.73385,0.73409,2.25,1.75
2016.03.04 15:05:31.745,0.73385,0.73409,1.50,3.00
2016.03.04 15:05:31.845,0.73382,0.73406,1.50,1.75
2016.03.04 15:05:31.946,0.73382,0.73406,1.50,3.00
2016.03.04 15:05:33.383,0.73384,0.73402,1.00,1.00
2016.03.04 15:05:33.534,0.73386,0.73402,1.00,1.00
2016.03.04 15:05:33.862,0.73389,0.73413,1.37,2.25
2016.03.04 15:05:34.172,0.73383,0.73407,1.12,3.75
2016.03.04 15:05:35.896,0.73379,0.73404,1.75,1.75
2016.03.04 15:05:36.489,0.73381,0.73405,1.75,1.75
2016.03.04 15:05:36.590,0.73382,0.734,1.00,1.00
2016.03.04 15:05:37.975,0.73379,0.73405,1.75,1.75
2016.03.04 15:05:38.512,0.73378,0.73404,1.75,1.75
2016.03.04 15:05:38.816,0.73378,0.73404,1.75,1.75
2016.03.04 15:05:39.119,0.73378,0.73404,1.75,1.75
2016.03.04 15:05:39.496,0.7338,0.73404,1.75,1.75
2016.03.04 15:05:40.085,0.73378,0.73404,1.75,1.75
2016.03.04 15:05:41.091,0.73378,0.734,1.75,1.50
2016.03.04 15:05:41.293,0.73376,0.73395,1.75,1.12
2016.03.04 15:05:41.394,0.73374,0.73395,1.75,1.75
2016.03.04 15:05:41.708,0.73376,0.734,1.75,1.75
2016.03.04 15:05:42.335,0.73376,0.734,1.75,1.75
2016.03.04 15:05:43.516,0.73376,0.734,1.75,2.25
2016.03.04 15:05:43.818,0.73373,0.73395,1.75,1.75
2016.03.04 15:05:44.596,0.73373,0.73395,1.75,1.75
2016.03.04 15:05:45.113,0.73376,0.73399,1.12,2.25
2016.03.04 15:05:45.645,0.73375,0.73397,1.50,2.25
2016.03.04 15:05:46.027,0.73375,0.73392,1.50,1.00
2016.03.04 15:05:46.572,0.73376,0.73392,1.00,1.00
2016.03.04 15:05:46.971,0.73375,0.73399,2.25,1.75
2016.03.04 15:05:47.273,0.73375,0.73395,1.50,1.00
2016.03.04 15:05:47.324,0.73375,0.73397,1.50,1.75
2016.03.04 15:05:47.425,0.73375,0.73397,1.12,1.75
2016.03.04 15:05:47.733,0.7337,0.73391,1.75,1.50
2016.03.04 15:05:48.035,0.73371,0.73395,1.75,1.75
2016.03.04 15:05:48.337,0.73378,0.73395,1.00,1.00
2016.03.04 15:05:48.647,0.73372,0.73396,3.00,1.87
2016.03.04 15:05:49.240,0.73374,0.73394,1.75,1.00
2016.03.04 15:05:49.341,0.7337,0.73394,1.75,1.75
2016.03.04 15:05:49.459,0.73368,0.73394,1.75,1.75
2016.03.04 15:05:49.762,0.7337,0.73394,1.75,1.75
2016.03.04 15:05:51.017,0.73369,0.73389,1.75,1.12
2016.03.04 15:05:51.118,0.73369,0.73388,1.75,1.12
2016.03.04 15:05:51.654,0.7337,0.73387,1.00,1.00
2016.03.04 15:05:52.220,0.73365,0.73387,1.75,1.37
2016.03.04 15:05:52.856,0.73365,0.73387,1.75,1.75
2016.03.04 15:05:53.374,0.73362,0.73386,3.00,1.12
2016.03.04 15:05:53.676,0.7336,0.73378,1.75,1.12
2016.03.04 15:05:54.032,0.7336,0.73379,1.50,1.50
2016.03.04 15:05:54.626,0.73356,0.7338,3.00,1.50
2016.03.04 15:05:54.928,0.7336,0.73383,1.75,1.75
2016.03.04 15:05:55.029,0.73359,0.73383,1.75,1.75
2016.03.04 15:05:55.130,0.73358,0.73376,1.00,1.00
2016.03.04 15:05:55.529,0.73355,0.73378,2.25,1.50
2016.03.04 15:05:55.831,0.73363,0.7338,1.00,1.50
2016.03.04 15:05:56.349,0.73354,0.7338,3.75,1.75
2016.03.04 15:05:56.675,0.73353,0.73376,2.25,1.12
2016.03.04 15:05:57.209,0.73355,0.7338,3.75,1.75
2016.03.04 15:05:57.708,0.73354,0.73376,2.25,1.37
2016.03.04 15:05:57.759,0.73352,0.73376,1.75,1.75
2016.03.04 15:05:57.809,0.73352,0.73376,1.75,1.75
2016.03.04 15:05:57.961,0.73355,0.73376,1.75,1.50
2016.03.04 15:05:58.213,0.73354,0.73377,3.75,1.00
2016.03.04 15:05:58.744,0.73354,0.7338,4.50,1.50
2016.03.04 15:05:59.097,0.73355,0.73377,1.75,1.50
2016.03.04 15:05:59.148,0.73355,0.73376,1.75,1.50
2016.03.04 15:06:00.384,0.73352,0.73374,2.25,1.00
2016.03.04 15:06:00.484,0.7335,0.73373,2.25,1.37
2016.03.04 15:06:00.535,0.73349,0.73372,1.75,1.35
2016.03.04 15:06:00.586,0.73346,0.73368,3.75,1.00
2016.03.04 15:06:00.737,0.73344,0.73368,3.00,1.50
2016.03.04 15:06:00.787,0.73344,0.73365,3.00,1.37
2016.03.04 15:06:00.838,0.7334,0.73363,1.75,1.50
2016.03.04 15:06:00.939,0.7334,0.7336,1.75,1.00
2016.03.04 15:06:01.286,0.7334,0.73358,1.75,1.12
2016.03.04 15:06:01.746,0.7334,0.7336,1.75,1.37
2016.03.04 15:06:01.797,0.7334,0.73364,1.75,1.75
2016.03.04 15:06:01.848,0.73342,0.73364,2.25,1.37
2016.03.04 15:06:01.898,0.73345,0.73369,1.75,1.75
2016.03.04 15:06:02.457,0.73345,0.73368,1.75,1.50
2016.03.04 15:06:02.759,0.73345,0.73371,2.25,1.75
2016.03.04 15:06:02.860,0.73345,0.73371,5.25,1.50
2016.03.04 15:06:03.374,0.73353,0.73371,1.00,1.50
2016.03.04 15:06:04.191,0.73353,0.73371,1.00,1.50
2016.03.04 15:06:04.521,0.73345,0.73369,1.75,1.75
2016.03.04 15:06:07.130,0.73345,0.73369,1.75,1.37
2016.03.04 15:06:07.235,0.73351,0.73377,1.75,1.75
2016.03.04 15:06:07.337,0.73349,0.7337,2.25,1.00
2016.03.04 15:06:07.438,0.73346,0.7337,2.25,1.50
2016.03.04 15:06:07.690,0.7335,0.7337,1.75,1.12
2016.03.04 15:06:07.740,0.73349,0.73373,3.00,1.50
2016.03.04 15:06:08.322,0.73346,0.73372,3.00,1.75
2016.03.04 15:06:09.092,0.73347,0.7337,2.25,1.12
2016.03.04 15:06:09.441,0.73352,0.73377,1.50,4.50
2016.03.04 15:06:09.492,0.73352,0.73377,1.50,1.75
2016.03.04 15:06:09.542,0.73352,0.73377,1.75,1.75
2016.03.04 15:06:09.733,0.73352,0.73376,1.75,1.75
2016.03.04 15:06:10.610,0.73351,0.73374,1.50,2.25
2016.03.04 15:06:10.661,0.73351,0.73374,1.12,2.25
2016.03.04 15:06:10.814,0.73349,0.7337,1.00,1.75
2016.03.04 15:06:11.471,0.73344,0.73368,2.25,1.75
2016.03.04 15:06:12.021,0.73346,0.7337,1.75,1.75
2016.03.04 15:06:12.491,0.73347,0.73371,1.75,1.75
2016.03.04 15:06:13.009,0.73348,0.73371,1.75,1.00
2016.03.04 15:06:13.518,0.7335,0.73376,1.75,1.75
2016.03.04 15:06:14.193,0.7335,0.73376,1.75,1.75
2016.03.04 15:06:14.459,0.73356,0.73373,1.00,1.00
2016.03.04 15:06:14.776,0.7335,0.73376,1.75,1.75
2016.03.04 15:06:14.877,0.73353,0.73376,1.00,4.50
2016.03.04 15:06:15.029,0.73345,0.73367,3.00,1.00
2016.03.04 15:06:15.180,0.73349,0.73367,1.00,1.37
2016.03.04 15:06:17.012,0.73345,0.73366,1.75,1.50
2016.03.04 15:06:17.063,0.73346,0.73364,1.00,1.00
2016.03.04 15:06:17.113,0.7335,0.73364,1.00,1.00
2016.03.04 15:06:17.469,0.73341,0.73365,1.75,1.00
2016.03.04 15:06:17.671,0.73347,0.73365,1.00,1.12
2016.03.04 15:06:17.872,0.73341,0.73366,1.12,1.50
2016.03.04 15:06:17.978,0.73346,0.7337,1.00,2.85
2016.03.04 15:06:18.186,0.73347,0.7337,1.00,1.75
2016.03.04 15:06:18.287,0.73347,0.7337,1.12,1.00
2016.03.04 15:06:18.438,0.73344,0.7337,1.12,2.25
2016.03.04 15:06:18.986,0.73346,0.7337,1.00,1.75
2016.03.04 15:06:19.142,0.73346,0.7337,1.00,1.12
2016.03.04 15:06:19.646,0.73347,0.73371,1.00,1.50
2016.03.04 15:06:20.201,0.73346,0.7337,1.00,1.87
2016.03.04 15:06:20.252,0.73346,0.73369,1.00,1.37
2016.03.04 15:06:20.303,0.73342,0.73364,1.00,1.67
2016.03.04 15:06:20.404,0.73331,0.73355,3.75,1.00
2016.03.04 15:06:20.505,0.73329,0.73353,1.75,1.00
2016.03.04 15:06:20.707,0.73329,0.73353,1.00,1.12
2016.03.04 15:06:20.760,0.73327,0.73351,1.00,1.00
2016.03.04 15:06:21.101,0.73329,0.73353,1.00,1.12
2016.03.04 15:06:21.504,0.7333,0.73355,1.00,2.25
2016.03.04 15:06:21.703,0.73332,0.73355,1.00,1.00
2016.03.04 15:06:22.206,0.73331,0.73355,1.00,1.50
2016.03.04 15:06:22.747,0.73332,0.73356,1.00,1.00
2016.03.04 15:06:23.057,0.7333,0.73354,1.00,1.00
2016.03.04 15:06:23.361,0.73331,0.73357,1.72,1.00
2016.03.04 15:06:23.463,0.73339,0.73363,1.00,1.75
2016.03.04 15:06:23.608,0.73339,0.73363,1.50,1.00
2016.03.04 15:06:24.113,0.73339,0.73364,1.50,1.12
2016.03.04 15:06:24.618,0.73341,0.73365,1.00,1.50
2016.03.04 15:06:25.221,0.73343,0.73367,1.00,1.75
2016.03.04 15:06:25.372,0.73353,0.73377,1.00,1.50
2016.03.04 15:06:25.774,0.73355,0.73379,1.50,1.50
2016.03.04 15:06:26.177,0.73354,0.73378,1.37,1.37
2016.03.04 15:06:26.432,0.73356,0.73382,1.00,1.75
2016.03.04 15:06:26.634,0.73356,0.73382,1.50,1.50
2016.03.04 15:06:26.735,0.73356,0.73382,1.75,1.00
2016.03.04 15:06:27.037,0.73353,0.73377,1.75,1.00
2016.03.04 15:06:27.187,0.73357,0.73381,1.12,1.12
2016.03.04 15:06:27.288,0.73357,0.73381,1.75,1.75
2016.03.04 15:06:27.689,0.73357,0.73382,1.75,1.75
2016.03.04 15:06:28.476,0.73361,0.73385,1.75,1.75
2016.03.04 15:06:28.526,0.73364,0.73388,1.50,1.75
2016.03.04 15:06:28.627,0.73364,0.73388,1.75,1.75
2016.03.04 15:06:28.728,0.73366,0.7339,1.00,1.75
2016.03.04 15:06:28.885,0.73364,0.7339,1.75,1.87
2016.03.04 15:06:28.986,0.7336,0.73386,2.25,1.00
2016.03.04 15:06:29.036,0.7336,0.73386,2.25,1.12
2016.03.04 15:06:29.238,0.73363,0.73387,1.37,1.12
2016.03.04 15:06:29.439,0.73364,0.7339,1.12,1.12
2016.03.04 15:06:29.591,0.73363,0.73389,1.75,1.00
2016.03.04 15:06:30.094,0.73369,0.73389,1.00,1.00
2016.03.04 15:06:30.195,0.73367,0.73391,1.00,1.50
2016.03.04 15:06:30.296,0.73365,0.7339,1.12,1.12
2016.03.04 15:06:30.546,0.73366,0.73393,1.75,1.50
2016.03.04 15:06:30.948,0.7337,0.73394,1.50,1.75
2016.03.04 15:06:31.150,0.7337,0.73395,2.25,1.00
2016.03.04 15:06:31.251,0.7337,0.73395,1.87,1.12
2016.03.04 15:06:31.794,0.73372,0.73396,1.12,1.12
2016.03.04 15:06:32.107,0.73369,0.73393,1.00,1.50
2016.03.04 15:06:32.656,0.73368,0.73392,1.00,1.00
2016.03.04 15:06:33.515,0.73369,0.73393,1.37,1.12
2016.03.04 15:06:33.716,0.73364,0.73388,1.12,1.00
2016.03.04 15:06:33.918,0.73369,0.73394,1.00,1.00
2016.03.04 15:06:34.069,0.73371,0.73394,1.00,1.00
2016.03.04 15:06:34.533,0.73369,0.73394,1.12,1.50
2016.03.04 15:06:34.949,0.73367,0.73395,1.00,1.75
2016.03.04 15:06:35.280,0.73367,0.73387,1.00,1.00
2016.03.04 15:06:35.815,0.73367,0.73393,1.00,1.75
2016.03.04 15:06:36.043,0.73368,0.73395,1.00,1.75
2016.03.04 15:06:36.561,0.73369,0.73395,1.00,1.75
2016.03.04 15:06:36.763,0.73369,0.73395,1.00,1.75
2016.03.04 15:06:37.051,0.73364,0.73388,1.00,1.00
2016.03.04 15:06:37.253,0.73366,0.73388,1.00,1.00
2016.03.04 15:06:37.353,0.73368,0.73394,1.00,1.75
2016.03.04 15:06:37.454,0.73369,0.73394,1.00,1.75
2016.03.04 15:06:37.661,0.7337,0.73396,1.00,1.75
2016.03.04 15:06:37.762,0.7337,0.73395,2.25,1.00
2016.03.04 15:06:37.863,0.7337,0.73398,1.50,1.75
2016.03.04 15:06:38.423,0.73371,0.73397,1.00,1.75
2016.03.04 15:06:38.926,0.7337,0.73395,1.00,1.75
2016.03.04 15:06:39.318,0.73367,0.73391,1.50,1.00
2016.03.04 15:06:39.470,0.73367,0.7339,1.00,1.75
2016.03.04 15:06:39.671,0.73362,0.73388,1.00,1.75
2016.03.04 15:06:39.873,0.73365,0.73389,1.00,1.50
2016.03.04 15:06:40.121,0.73361,0.73387,1.50,1.12
2016.03.04 15:06:40.324,0.73365,0.73389,1.00,1.50
2016.03.04 15:06:40.861,0.73363,0.73389,1.12,1.50
2016.03.04 15:06:41.885,0.73361,0.73387,1.00,1.75
2016.03.04 15:06:42.331,0.73364,0.73388,1.00,1.75
2016.03.04 15:06:42.483,0.73363,0.73389,1.12,1.75
2016.03.04 15:06:42.533,0.73365,0.73389,1.00,1.75
2016.03.04 15:06:42.684,0.73363,0.73389,1.00,1.75
2016.03.04 15:06:42.785,0.73363,0.73389,1.75,1.12
2016.03.04 15:06:43.538,0.73364,0.73385,1.50,1.00
2016.03.04 15:06:43.939,0.7336,0.73386,1.50,1.75
2016.03.04 15:06:44.191,0.7336,0.73383,1.00,1.50
2016.03.04 15:06:44.711,0.73356,0.73381,1.35,1.00
2016.03.04 15:06:44.859,0.73355,0.73381,2.85,1.50
2016.03.04 15:06:45.575,0.73355,0.73379,2.10,1.00
2016.03.04 15:06:45.883,0.73354,0.73375,1.00,1.50
2016.03.04 15:06:45.934,0.73349,0.73373,1.00,1.00
2016.03.04 15:06:46.496,0.73346,0.73372,1.75,1.12
2016.03.04 15:06:47.808,0.73345,0.7337,2.10,1.87
2016.03.04 15:06:48.341,0.73345,0.73371,1.67,1.50
2016.03.04 15:06:48.953,0.73346,0.73372,1.37,1.37
2016.03.04 15:06:49.094,0.73348,0.73374,1.50,1.50
2016.03.04 15:06:49.453,0.73348,0.73374,2.10,1.12
2016.03.04 15:06:49.981,0.7335,0.73375,1.37,1.12
2016.03.04 15:06:50.919,0.73348,0.73375,2.25,1.75
2016.03.04 15:06:51.206,0.73354,0.73372,1.00,1.00
2016.03.04 15:06:51.307,0.7335,0.73373,2.10,1.75
2016.03.04 15:06:51.609,0.7335,0.73374,1.50,2.25
2016.03.04 15:06:52.118,0.73349,0.73375,1.75,1.75
2016.03.04 15:06:52.623,0.73354,0.73372,1.00,1.00
2016.03.04 15:06:52.919,0.73349,0.73374,2.25,2.25
2016.03.04 15:06:53.020,0.73352,0.7337,1.00,1.00
2016.03.04 15:06:53.222,0.73351,0.73377,1.75,1.75
2016.03.04 15:06:53.690,0.73352,0.73379,1.75,3.00
2016.03.04 15:06:54.002,0.73355,0.7338,1.75,1.75
2016.03.04 15:06:54.305,0.73357,0.73383,1.75,1.75
2016.03.04 15:06:55.559,0.73355,0.73379,1.75,1.75
2016.03.04 15:06:55.610,0.73355,0.73378,1.75,1.75
2016.03.04 15:06:55.761,0.73352,0.73375,1.75,1.75
2016.03.04 15:06:55.812,0.7335,0.73375,1.75,2.25
2016.03.04 15:06:57.175,0.73355,0.73375,1.00,1.75
2016.03.04 15:06:57.377,0.73355,0.7338,1.75,3.00
2016.03.04 15:06:57.543,0.73355,0.73378,1.75,1.75
2016.03.04 15:06:57.795,0.73352,0.73377,1.75,2.25
2016.03.04 15:06:57.997,0.73353,0.73379,1.75,1.75
2016.03.04 15:06:58.148,0.73351,0.73377,1.75,1.75
2016.03.04 15:06:58.594,0.73353,0.73374,1.75,1.00
2016.03.04 15:06:58.695,0.73359,0.73377,1.00,1.00
2016.03.04 15:06:59.087,0.73355,0.73377,2.10,1.00
2016.03.04 15:06:59.388,0.73357,0.73385,1.75,1.75
2016.03.04 15:06:59.929,0.7336,0.73385,1.75,4.50
2016.03.04 15:07:00.585,0.73362,0.73386,1.37,2.25
2016.03.04 15:07:00.636,0.73362,0.73388,1.75,3.00
2016.03.04 15:07:00.887,0.73365,0.7339,1.67,4.50
2016.03.04 15:07:01.039,0.73367,0.73385,1.00,1.00
2016.03.04 15:07:01.184,0.7337,0.73392,1.37,1.75
2016.03.04 15:07:01.235,0.73371,0.73389,1.00,1.00
2016.03.04 15:07:01.285,0.7337,0.73389,1.75,1.00
2016.03.04 15:07:01.437,0.7337,0.73388,2.25,1.00
2016.03.04 15:07:01.560,0.73375,0.73395,1.00,2.25
2016.03.04 15:07:01.661,0.73375,0.73397,1.37,3.00
2016.03.04 15:07:01.712,0.73375,0.73398,1.50,3.00
2016.03.04 15:07:02.011,0.73375,0.734,1.75,2.25
2016.03.04 15:07:02.515,0.73375,0.73393,1.00,1.00
2016.03.04 15:07:02.913,0.73375,0.73401,1.75,2.25
2016.03.04 15:07:03.165,0.73374,0.734,1.37,2.25
2016.03.04 15:07:03.266,0.73374,0.734,1.00,2.25
2016.03.04 15:07:03.366,0.73371,0.73395,1.00,1.00
2016.03.04 15:07:03.518,0.7337,0.73393,1.12,1.00
2016.03.04 15:07:03.821,0.73369,0.73393,1.00,1.75
2016.03.04 15:07:03.871,0.73367,0.7339,1.12,1.00
2016.03.04 15:07:04.225,0.7337,0.73393,1.00,1.75
2016.03.04 15:07:04.529,0.73369,0.73394,2.10,1.50
2016.03.04 15:07:04.638,0.73375,0.73394,1.00,1.50
2016.03.04 15:07:04.739,0.73375,0.73396,1.00,1.00
2016.03.04 15:07:05.089,0.73375,0.73399,1.00,1.00
2016.03.04 15:07:05.400,0.73376,0.73401,1.00,1.50
2016.03.04 15:07:05.598,0.73376,0.73401,1.75,1.00
2016.03.04 15:07:05.649,0.73379,0.73404,1.12,1.50
2016.03.04 15:07:05.750,0.73382,0.73408,1.00,1.75
2016.03.04 15:07:05.800,0.73382,0.73406,1.00,1.00
2016.03.04 15:07:05.901,0.7338,0.73406,1.87,1.75
2016.03.04 15:07:07.025,0.73376,0.73404,1.75,1.37
2016.03.04 15:07:07.327,0.73385,0.73402,1.37,1.00
2016.03.04 15:07:07.626,0.73388,0.73406,1.00,1.00
2016.03.04 15:07:07.676,0.73387,0.73413,1.75,3.00
2016.03.04 15:07:08.283,0.73384,0.73405,3.75,1.12
2016.03.04 15:07:08.336,0.73383,0.73405,1.75,1.50
2016.03.04 15:07:08.437,0.7338,0.73406,1.75,1.75
2016.03.04 15:07:09.293,0.73381,0.73405,2.25,1.75
2016.03.04 15:07:09.813,0.73385,0.7341,1.75,1.75
2016.03.04 15:07:09.914,0.7339,0.73408,1.00,1.00
2016.03.04 15:07:11.093,0.73384,0.7341,1.75,1.75
2016.03.04 15:07:11.144,0.73388,0.73406,1.00,1.00
2016.03.04 15:07:11.303,0.73382,0.7341,1.75,3.75
2016.03.04 15:07:11.867,0.73382,0.7341,1.75,3.00
2016.03.04 15:07:11.917,0.73382,0.73409,1.75,1.75
2016.03.04 15:07:12.425,0.7338,0.73407,1.75,1.75
2016.03.04 15:07:12.727,0.73388,0.73406,1.00,1.00
2016.03.04 15:07:12.778,0.73385,0.7341,1.75,1.75
2016.03.04 15:07:13.622,0.73381,0.73407,1.75,1.75
2016.03.04 15:07:13.722,0.73384,0.73402,1.00,1.00
2016.03.04 15:07:13.773,0.73382,0.73408,1.75,1.75
2016.03.04 15:07:14.176,0.73384,0.73409,1.35,1.75
2016.03.04 15:07:14.226,0.73386,0.73412,1.75,1.75
2016.03.04 15:07:14.731,0.73388,0.73414,1.75,1.75
2016.03.04 15:07:15.376,0.73389,0.73414,1.37,2.25
2016.03.04 15:07:15.427,0.73389,0.73413,1.12,2.25
2016.03.04 15:07:15.477,0.73389,0.73413,1.50,2.25
2016.03.04 15:07:15.528,0.73391,0.73409,1.00,1.00
2016.03.04 15:07:15.911,0.73392,0.73415,1.50,2.25
2016.03.04 15:07:16.062,0.73396,0.73419,1.00,4.50
2016.03.04 15:07:16.568,0.73393,0.73419,1.75,1.75
2016.03.04 15:07:16.669,0.7339,0.73415,2.25,1.75
2016.03.04 15:07:16.843,0.73387,0.73413,3.00,1.75
2016.03.04 15:07:18.145,0.73393,0.73411,1.00,1.00
2016.03.04 15:07:18.246,0.73388,0.73415,3.00,1.75
2016.03.04 15:07:18.585,0.73386,0.73414,4.50,1.75
2016.03.04 15:07:19.068,0.73391,0.73409,1.00,1.00
2016.03.04 15:07:19.596,0.73387,0.73413,1.75,1.75
2016.03.04 15:07:19.798,0.73385,0.73403,1.50,1.00
2016.03.04 15:07:20.108,0.73386,0.73411,1.75,1.75
2016.03.04 15:07:20.410,0.73388,0.73414,1.75,1.75
2016.03.04 15:07:20.712,0.73386,0.73412,1.75,1.75
2016.03.04 15:07:21.254,0.73387,0.73413,1.75,3.00
2016.03.04 15:07:21.670,0.73388,0.73414,1.50,4.50
2016.03.04 15:07:21.947,0.73385,0.73409,1.50,2.25
2016.03.04 15:07:22.006,0.73385,0.73409,1.87,2.25
2016.03.04 15:07:22.057,0.73385,0.73411,2.25,1.75
2016.03.04 15:07:22.209,0.73385,0.73409,1.75,1.75
2016.03.04 15:07:22.461,0.73387,0.73413,1.75,1.75
2016.03.04 15:07:22.964,0.73387,0.73413,1.75,1.75
2016.03.04 15:07:23.497,0.73386,0.73412,1.75,3.00
2016.03.04 15:07:23.749,0.73382,0.73408,1.75,1.75
2016.03.04 15:07:23.894,0.73383,0.73408,1.75,2.25
2016.03.04 15:07:24.400,0.73383,0.73406,1.00,2.25
2016.03.04 15:07:24.745,0.73378,0.73404,2.10,1.75
2016.03.04 15:07:25.253,0.73377,0.73403,1.75,1.75
2016.03.04 15:07:26.261,0.73377,0.73403,1.75,1.75
2016.03.04 15:07:26.789,0.7338,0.73407,4.50,1.75
2016.03.04 15:07:27.096,0.73386,0.73412,1.75,1.75
2016.03.04 15:07:27.410,0.73387,0.73413,1.75,1.75
2016.03.04 15:07:27.705,0.73385,0.73409,1.12,2.25
2016.03.04 15:07:28.208,0.73382,0.73408,1.75,1.75
2016.03.04 15:07:28.713,0.73384,0.7341,2.25,2.25
2016.03.04 15:07:28.814,0.73385,0.73403,1.00,1.00
2016.03.04 15:07:29.825,0.73383,0.7341,1.75,1.75
2016.03.04 15:07:30.127,0.7339,0.73412,1.75,1.75
2016.03.04 15:07:30.912,0.7339,0.73413,1.37,1.75
2016.03.04 15:07:31.320,0.7339,0.73413,1.75,1.50
2016.03.04 15:07:31.940,0.73394,0.73416,1.75,1.75
2016.03.04 15:07:32.243,0.73398,0.73422,1.75,2.25
2016.03.04 15:07:32.539,0.73395,0.73422,1.75,2.25
2016.03.04 15:07:32.749,0.73393,0.73419,1.75,2.25
2016.03.04 15:07:34.979,0.73392,0.73418,2.10,3.75
2016.03.04 15:07:35.291,0.734,0.73417,1.00,1.00
2016.03.04 15:07:35.828,0.73399,0.73417,1.00,1.00
2016.03.04 15:07:36.360,0.73395,0.7342,1.75,1.75
2016.03.04 15:07:36.711,0.73394,0.73419,1.75,2.25
2016.03.04 15:07:37.269,0.73392,0.73418,1.50,2.25
2016.03.04 15:07:38.279,0.7339,0.73416,1.75,1.75
2016.03.04 15:07:39.391,0.73393,0.7342,1.75,1.75
2016.03.04 15:07:39.775,0.73393,0.73419,1.75,1.75
2016.03.04 15:07:41.176,0.734,0.73418,1.00,1.00
2016.03.04 15:07:41.381,0.73398,0.73424,1.75,1.75
2016.03.04 15:07:41.700,0.73402,0.73428,1.75,1.75
2016.03.04 15:07:42.031,0.73407,0.73431,2.25,1.12
2016.03.04 15:07:42.355,0.73411,0.73437,1.75,1.75
2016.03.04 15:07:42.657,0.73413,0.73437,1.12,2.25
2016.03.04 15:07:42.966,0.73408,0.73436,3.00,1.75
2016.03.04 15:07:43.470,0.73411,0.73436,2.25,1.75
2016.03.04 15:07:43.814,0.73403,0.73429,2.10,1.75
2016.03.04 15:07:44.397,0.73409,0.73427,1.00,1.00
2016.03.04 15:07:44.582,0.73409,0.73431,1.00,1.75
2016.03.04 15:07:45.091,0.73405,0.73432,1.75,1.75
2016.03.04 15:07:45.192,0.73411,0.73429,1.00,1.00
2016.03.04 15:07:45.293,0.73407,0.73433,1.75,3.00
2016.03.04 15:07:45.495,0.73405,0.73423,1.00,1.00
2016.03.04 15:07:46.060,0.73403,0.73426,1.35,1.75
2016.03.04 15:07:46.419,0.73406,0.73434,1.75,4.50
2016.03.04 15:07:46.622,0.73409,0.73427,1.00,1.00
2016.03.04 15:07:46.861,0.73409,0.73432,1.00,3.75
2016.03.04 15:07:47.063,0.73403,0.73425,1.75,1.37
2016.03.04 15:07:47.164,0.73403,0.73425,1.50,1.75
2016.03.04 15:07:47.333,0.73397,0.73424,1.75,1.75
2016.03.04 15:07:47.709,0.73396,0.73423,3.00,1.75
2016.03.04 15:07:47.910,0.73399,0.73425,1.75,4.50
2016.03.04 15:07:48.618,0.73397,0.73425,1.75,3.00
2016.03.04 15:07:49.121,0.73398,0.73423,1.75,3.75
2016.03.04 15:07:49.301,0.73401,0.73419,1.00,1.00
2016.03.04 15:07:49.504,0.73399,0.73422,1.75,1.75
2016.03.04 15:07:50.058,0.73397,0.73423,1.75,1.75
2016.03.04 15:07:51.211,0.73396,0.73422,1.75,1.75
2016.03.04 15:07:51.536,0.73395,0.73424,2.25,3.00
2016.03.04 15:07:51.638,0.73395,0.73419,1.75,1.75
2016.03.04 15:07:52.520,0.73396,0.73422,1.75,1.75
2016.03.04 15:07:52.983,0.73397,0.7342,1.50,3.00
2016.03.04 15:07:53.033,0.73395,0.73419,1.75,1.75
2016.03.04 15:07:53.134,0.73397,0.73415,1.00,1.00
2016.03.04 15:07:54.001,0.73395,0.73417,1.75,1.75
2016.03.04 15:07:54.152,0.73396,0.73414,1.00,1.00
2016.03.04 15:07:54.297,0.73396,0.73417,1.00,1.75
2016.03.04 15:07:54.700,0.73394,0.73415,1.00,1.75
2016.03.04 15:07:55.025,0.7339,0.73416,1.75,1.75
2016.03.04 15:07:55.342,0.7339,0.73414,1.75,1.75
2016.03.04 15:07:55.735,0.7339,0.73414,1.75,1.75
2016.03.04 15:07:56.331,0.73394,0.73418,1.35,2.25
2016.03.04 15:07:56.432,0.73396,0.73419,2.25,1.12
2016.03.04 15:07:56.694,0.734,0.73426,1.75,1.75
2016.03.04 15:07:56.795,0.73402,0.73423,1.75,1.00
2016.03.04 15:07:57.343,0.73401,0.73429,1.75,2.25
2016.03.04 15:07:59.682,0.73406,0.73424,1.00,1.00
2016.03.04 15:07:59.850,0.73399,0.73425,1.75,1.75
2016.03.04 15:08:00.433,0.73404,0.73426,1.00,2.25
2016.03.04 15:08:00.948,0.73398,0.73426,1.75,3.00
2016.03.04 15:08:01.340,0.73403,0.73429,1.75,1.75
2016.03.04 15:08:01.686,0.73405,0.7343,1.75,1.75
2016.03.04 15:08:02.253,0.73406,0.73432,1.75,1.75
2016.03.04 15:08:03.089,0.73404,0.7343,3.00,2.25
2016.03.04 15:08:03.139,0.73405,0.7343,2.25,2.25
2016.03.04 15:08:03.240,0.73404,0.7343,3.00,2.25
2016.03.04 15:08:03.341,0.734,0.73424,2.25,1.75
2016.03.04 15:08:04.002,0.73405,0.73429,1.75,1.75
2016.03.04 15:08:04.348,0.73406,0.73432,1.75,1.75
2016.03.04 15:08:04.449,0.73413,0.73431,1.00,1.00
2016.03.04 15:08:05.161,0.7341,0.73436,1.75,1.75
2016.03.04 15:08:05.313,0.7341,0.73436,3.00,1.75
2016.03.04 15:08:06.332,0.73414,0.73432,1.00,1.00
2016.03.04 15:08:06.432,0.73407,0.73434,3.00,1.75
2016.03.04 15:08:06.879,0.73406,0.73432,1.75,1.75
2016.03.04 15:08:07.147,0.73406,0.7343,1.75,1.50
2016.03.04 15:08:10.879,0.73406,0.73432,1.75,1.75
2016.03.04 15:08:11.458,0.73406,0.7343,1.75,1.75
2016.03.04 15:08:11.760,0.73404,0.7343,1.75,2.25
2016.03.04 15:08:11.861,0.7341,0.73428,1.00,1.00
2016.03.04 15:08:12.287,0.73407,0.7343,1.75,1.37
2016.03.04 15:08:12.387,0.73414,0.73432,1.00,1.00
2016.03.04 15:08:12.716,0.7341,0.73435,1.75,2.25
2016.03.04 15:08:12.767,0.73412,0.7343,1.00,1.50
2016.03.04 15:08:12.818,0.73407,0.7343,1.75,1.50
2016.03.04 15:08:12.868,0.73406,0.73433,1.75,2.25
2016.03.04 15:08:13.620,0.7341,0.73433,1.50,2.25
2016.03.04 15:08:13.670,0.7341,0.73434,1.75,1.75
2016.03.04 15:08:13.771,0.7341,0.73434,1.50,1.75
2016.03.04 15:08:14.091,0.7341,0.73433,1.00,2.25
2016.03.04 15:08:14.393,0.73406,0.7343,1.75,1.75
2016.03.04 15:08:14.695,0.73403,0.73429,1.75,1.75
2016.03.04 15:08:15.030,0.73403,0.73425,1.75,1.75
2016.03.04 15:08:15.870,0.73403,0.73426,1.75,1.50
2016.03.04 15:08:16.399,0.73406,0.7343,1.75,1.75
2016.03.04 15:08:16.601,0.73404,0.7343,1.75,1.75
2016.03.04 15:08:17.148,0.73408,0.73426,1.00,1.00
2016.03.04 15:08:18.153,0.73401,0.73429,3.00,1.75
2016.03.04 15:08:18.204,0.73401,0.73429,1.75,1.75
2016.03.04 15:08:19.150,0.73402,0.73429,1.75,1.75
2016.03.04 15:08:19.200,0.73402,0.73429,4.50,1.75
2016.03.04 15:08:21.526,0.73401,0.73428,3.00,1.75
2016.03.04 15:08:22.266,0.73403,0.7343,1.75,2.25
2016.03.04 15:08:22.317,0.73403,0.7343,3.00,1.75
2016.03.04 15:08:25.538,0.73409,0.7343,1.75,1.12
2016.03.04 15:08:25.748,0.7341,0.73432,1.75,1.00
2016.03.04 15:08:26.248,0.73412,0.73438,3.00,1.75
2016.03.04 15:08:26.752,0.73412,0.73438,3.00,1.75
2016.03.04 15:08:26.953,0.73414,0.7344,1.75,1.75
2016.03.04 15:08:27.155,0.73414,0.7344,1.75,1.75
2016.03.04 15:08:29.370,0.73412,0.73437,2.25,1.75
2016.03.04 15:08:32.073,0.73415,0.7344,1.35,1.75
2016.03.04 15:08:32.175,0.7342,0.73438,1.00,1.00
2016.03.04 15:08:32.276,0.73415,0.73441,1.35,2.25
2016.03.04 15:08:32.779,0.73412,0.73438,3.75,1.75
2016.03.04 15:08:34.647,0.73412,0.73435,3.75,1.00
2016.03.04 15:08:34.697,0.73417,0.73435,1.00,1.50
2016.03.04 15:08:34.798,0.73411,0.73435,1.75,1.75
2016.03.04 15:08:35.196,0.73405,0.73432,1.75,1.75
2016.03.04 15:08:35.498,0.73402,0.73429,1.35,1.75
2016.03.04 15:08:36.008,0.73405,0.73429,1.75,1.75
2016.03.04 15:08:36.368,0.73404,0.7343,1.75,1.75
2016.03.04 15:08:38.269,0.73401,0.73427,1.75,1.50
2016.03.04 15:08:38.830,0.73402,0.73428,1.75,1.75
2016.03.04 15:08:39.399,0.73398,0.73421,3.00,1.12
2016.03.04 15:08:39.751,0.73396,0.7342,1.75,1.75
2016.03.04 15:08:40.458,0.734,0.73425,1.35,1.75
2016.03.04 15:08:40.710,0.73396,0.73415,2.25,1.00
2016.03.04 15:08:40.926,0.73395,0.73418,1.75,1.50
2016.03.04 15:08:41.077,0.73394,0.73415,2.25,1.00
2016.03.04 15:08:41.268,0.73399,0.73421,3.00,1.00
2016.03.04 15:08:41.369,0.734,0.73423,1.75,1.75
2016.03.04 15:08:41.571,0.73402,0.7342,1.00,1.00
2016.03.04 15:08:41.749,0.73399,0.7342,1.75,1.00
2016.03.04 15:08:41.951,0.73397,0.7342,1.75,1.75
2016.03.04 15:08:42.052,0.73399,0.73417,1.00,1.00
2016.03.04 15:08:42.550,0.73393,0.73419,1.75,1.75
2016.03.04 15:08:43.475,0.73396,0.7342,1.75,1.75
2016.03.04 15:08:43.777,0.73398,0.73426,1.35,2.25
2016.03.04 15:08:43.878,0.734,0.73428,3.00,1.75
2016.03.04 15:08:44.385,0.734,0.73428,1.75,1.75
2016.03.04 15:08:44.719,0.73403,0.73429,1.75,1.75
2016.03.04 15:08:45.081,0.73405,0.73431,1.75,1.75
2016.03.04 15:08:45.383,0.73402,0.73425,1.75,1.75
2016.03.04 15:08:45.685,0.73399,0.73425,1.75,1.75
2016.03.04 15:08:45.837,0.73401,0.73425,1.75,1.75
2016.03.04 15:08:46.053,0.734,0.73425,1.75,1.50
2016.03.04 15:08:46.356,0.73395,0.73421,3.00,1.75
2016.03.04 15:08:46.457,0.73393,0.7341,1.00,1.50
2016.03.04 15:08:46.876,0.7339,0.73414,1.75,1.75
2016.03.04 15:08:47.204,0.7339,0.73415,2.25,1.75
2016.03.04 15:08:48.455,0.7339,0.73415,1.87,1.50
2016.03.04 15:08:49.040,0.73391,0.73415,1.35,1.87
2016.03.04 15:08:49.140,0.73394,0.73417,1.30,1.12
2016.03.04 15:08:49.342,0.73395,0.73421,1.75,1.12
2016.03.04 15:08:49.688,0.73396,0.73422,1.00,1.75
2016.03.04 15:08:49.739,0.73396,0.73421,1.50,1.00
2016.03.04 15:08:49.941,0.73397,0.73423,1.50,1.50
2016.03.04 15:08:50.250,0.73403,0.73429,1.50,1.75
2016.03.04 15:08:50.765,0.734,0.73426,1.75,1.00
2016.03.04 15:08:50.869,0.73402,0.73428,1.75,1.00
2016.03.04 15:08:51.217,0.734,0.73426,1.75,1.00
2016.03.04 15:08:51.267,0.73403,0.73426,1.00,1.00
2016.03.04 15:08:51.430,0.73399,0.73422,1.35,1.00
2016.03.04 15:08:51.531,0.73402,0.73426,1.00,1.00
2016.03.04 15:08:51.632,0.73399,0.73424,1.35,1.00
2016.03.04 15:08:51.934,0.73403,0.73424,1.35,1.50
2016.03.04 15:08:52.256,0.73403,0.73431,3.60,1.75
2016.03.04 15:08:52.566,0.73408,0.73428,1.00,1.75
2016.03.04 15:08:52.868,0.73397,0.73425,1.75,2.25
2016.03.04 15:08:53.407,0.73396,0.73422,3.00,1.75
2016.03.04 15:08:53.738,0.73396,0.73422,1.75,1.75
2016.03.04 15:08:53.838,0.73403,0.73421,1.00,1.50
2016.03.04 15:08:53.939,0.73395,0.73421,3.00,1.75
2016.03.04 15:08:54.486,0.73393,0.73419,2.10,1.75
2016.03.04 15:08:54.789,0.73395,0.73422,3.00,1.75
2016.03.04 15:08:55.290,0.73395,0.73421,1.75,1.75
2016.03.04 15:08:55.592,0.73395,0.73421,1.75,1.75
2016.03.04 15:08:55.950,0.73388,0.73415,3.00,1.75
2016.03.04 15:08:57.774,0.73391,0.73417,1.75,1.75
2016.03.04 15:08:58.149,0.7339,0.73416,1.75,1.75
2016.03.04 15:08:58.501,0.73395,0.73413,1.00,1.00
2016.03.04 15:08:59.106,0.73392,0.73418,1.75,1.75
2016.03.04 15:08:59.157,0.73392,0.73418,1.75,1.75
2016.03.04 15:08:59.258,0.73393,0.73411,1.00,1.00
2016.03.04 15:08:59.460,0.7339,0.73414,1.75,1.75
2016.03.04 15:09:00.009,0.73389,0.73415,1.75,1.75
2016.03.04 15:09:00.970,0.73387,0.73413,1.75,1.75
2016.03.04 15:09:01.385,0.73386,0.73412,1.75,3.00
2016.03.04 15:09:02.226,0.73384,0.7341,1.75,1.75
2016.03.04 15:09:03.994,0.73383,0.73409,2.10,1.75
2016.03.04 15:09:05.236,0.73381,0.73408,2.25,1.75
2016.03.04 15:09:05.286,0.7338,0.73408,2.25,1.75
2016.03.04 15:09:05.387,0.7338,0.73406,2.25,1.75
2016.03.04 15:09:05.793,0.73381,0.73407,2.10,1.75
2016.03.04 15:09:05.914,0.73384,0.7341,1.75,2.25
2016.03.04 15:09:05.965,0.73383,0.73409,3.00,1.75
2016.03.04 15:09:06.015,0.73383,0.73409,1.75,1.75
2016.03.04 15:09:06.117,0.73384,0.73402,1.00,1.00
2016.03.04 15:09:06.168,0.73384,0.73405,1.00,1.75
2016.03.04 15:09:06.490,0.7338,0.73406,1.75,1.75
2016.03.04 15:09:06.826,0.73384,0.73402,1.00,1.00
2016.03.04 15:09:06.877,0.73381,0.734,1.37,1.37
2016.03.04 15:09:06.928,0.73381,0.734,1.00,1.75
2016.03.04 15:09:06.978,0.73381,0.734,1.00,3.00
2016.03.04 15:09:07.029,0.73373,0.73399,1.75,1.75
2016.03.04 15:09:07.080,0.73373,0.73398,1.75,2.25
2016.03.04 15:09:07.351,0.73371,0.73397,1.75,1.75
2016.03.04 15:09:07.883,0.73371,0.73397,1.75,1.75
2016.03.04 15:09:08.504,0.73375,0.73399,1.37,3.00
2016.03.04 15:09:08.554,0.73377,0.73399,1.30,1.75
2016.03.04 15:09:08.605,0.73379,0.73403,1.37,2.25
2016.03.04 15:09:08.656,0.73379,0.73405,1.75,2.25
2016.03.04 15:09:08.706,0.73379,0.73406,1.75,3.00
2016.03.04 15:09:09.255,0.73379,0.73406,1.75,1.75
2016.03.04 15:09:09.706,0.73379,0.73408,3.00,1.75
2016.03.04 15:09:11.517,0.73381,0.73407,2.25,1.75
2016.03.04 15:09:11.839,0.73386,0.73411,1.35,1.75
2016.03.04 15:09:11.889,0.73392,0.7341,1.00,1.00
2016.03.04 15:09:12.080,0.73388,0.73415,3.00,1.75
2016.03.04 15:09:12.658,0.7339,0.73417,4.50,1.75
2016.03.04 15:09:13.098,0.73389,0.73416,1.75,1.75
2016.03.04 15:09:13.199,0.73395,0.73413,1.00,1.00
2016.03.04 15:09:13.300,0.73389,0.73416,1.75,1.75
2016.03.04 15:09:13.956,0.73386,0.73413,4.50,1.50
2016.03.04 15:09:14.107,0.73382,0.73409,1.75,1.75
2016.03.04 15:09:14.209,0.73382,0.73408,1.75,2.25
2016.03.04 15:09:15.217,0.73382,0.73408,1.75,2.25
2016.03.04 15:09:15.537,0.73381,0.73409,1.75,1.75
2016.03.04 15:09:16.118,0.73381,0.73407,2.25,1.75
2016.03.04 15:09:16.901,0.73381,0.73407,2.25,1.75
2016.03.04 15:09:16.952,0.73378,0.73405,3.00,1.75
2016.03.04 15:09:17.478,0.73381,0.73408,1.75,3.00
2016.03.04 15:09:17.529,0.73381,0.73401,1.12,1.75
2016.03.04 15:09:18.038,0.73375,0.734,1.75,1.75
2016.03.04 15:09:18.140,0.73375,0.734,2.25,1.75
2016.03.04 15:09:18.893,0.73373,0.73399,1.75,1.75
2016.03.04 15:09:19.245,0.73372,0.734,1.75,1.75
2016.03.04 15:09:20.071,0.73374,0.734,1.75,3.75
2016.03.04 15:09:20.635,0.73372,0.73398,1.75,1.75
2016.03.04 15:09:21.380,0.73376,0.73396,1.00,1.75
2016.03.04 15:09:21.796,0.73367,0.73395,2.25,2.25
2016.03.04 15:09:22.500,0.73366,0.73395,3.60,2.25
2016.03.04 15:09:22.802,0.73373,0.73391,1.00,1.00
2016.03.04 15:09:23.894,0.73367,0.7339,1.75,1.37
2016.03.04 15:09:23.944,0.73367,0.7339,1.75,1.75
2016.03.04 15:09:24.323,0.73371,0.73395,3.97,3.00
2016.03.04 15:09:24.374,0.73372,0.73395,1.35,1.12
2016.03.04 15:09:24.425,0.73374,0.73401,1.75,1.75
2016.03.04 15:09:24.576,0.73373,0.73395,1.75,1.00
2016.03.04 15:09:24.627,0.73371,0.73395,3.00,1.37
2016.03.04 15:09:24.677,0.73371,0.73395,1.75,1.75
2016.03.04 15:09:24.728,0.73371,0.73395,1.75,1.75
2016.03.04 15:09:24.779,0.73371,0.73396,1.75,1.75
2016.03.04 15:09:24.829,0.73371,0.73396,1.75,1.75
2016.03.04 15:09:25.348,0.73372,0.73395,1.67,1.75
2016.03.04 15:09:25.449,0.7337,0.73397,2.25,1.75
2016.03.04 15:09:25.752,0.73371,0.73392,1.00,1.75
2016.03.04 15:09:25.998,0.73371,0.73389,1.00,1.00
2016.03.04 15:09:26.149,0.73372,0.73395,1.35,1.75
2016.03.04 15:09:26.452,0.73372,0.73396,1.35,1.75
2016.03.04 15:09:26.767,0.73373,0.734,1.75,1.75
2016.03.04 15:09:27.055,0.7337,0.73397,3.60,1.75
2016.03.04 15:09:27.538,0.73374,0.73392,1.00,1.00
2016.03.04 15:09:28.147,0.7337,0.73395,1.75,1.75
2016.03.04 15:09:28.535,0.73369,0.73397,1.75,1.75
2016.03.04 15:09:29.036,0.73368,0.73395,1.75,1.75
2016.03.04 15:09:29.163,0.73369,0.73396,1.75,1.75
2016.03.04 15:09:30.238,0.73369,0.73396,1.75,1.75
2016.03.04 15:09:30.568,0.73369,0.73395,3.00,1.75
2016.03.04 15:09:31.789,0.73367,0.73394,3.00,1.50
2016.03.04 15:09:32.040,0.73366,0.73392,1.75,1.75
2016.03.04 15:09:33.052,0.73365,0.73391,2.85,1.75
2016.03.04 15:09:33.385,0.7336,0.73386,5.25,1.37
2016.03.04 15:09:33.537,0.73366,0.73391,1.75,1.75
2016.03.04 15:09:33.587,0.73368,0.7339,2.25,1.37
2016.03.04 15:09:33.638,0.73368,0.7339,2.25,1.00
2016.03.04 15:09:33.839,0.73365,0.7339,4.35,1.00
2016.03.04 15:09:34.026,0.7337,0.73393,1.00,1.50
2016.03.04 15:09:34.244,0.73375,0.73393,1.00,1.50
2016.03.04 15:09:34.548,0.73375,0.73395,1.00,1.50
2016.03.04 15:09:35.082,0.73374,0.73395,1.00,1.12
2016.03.04 15:09:35.252,0.73374,0.73395,1.00,1.37
2016.03.04 15:09:35.353,0.7337,0.73393,1.00,1.37
2016.03.04 15:09:35.454,0.73365,0.73388,1.37,1.12
2016.03.04 15:09:35.555,0.7336,0.73386,1.75,1.00
2016.03.04 15:09:35.656,0.73359,0.73386,2.85,1.37
2016.03.04 15:09:35.757,0.7336,0.73384,1.12,1.50
2016.03.04 15:09:35.933,0.7336,0.73384,1.00,1.75
2016.03.04 15:09:37.027,0.73365,0.73384,1.00,1.75
2016.03.04 15:09:37.128,0.73359,0.73385,1.50,1.75
2016.03.04 15:09:37.229,0.7336,0.73385,1.00,1.12
2016.03.04 15:09:37.709,0.73365,0.73385,1.00,1.00
2016.03.04 15:09:37.941,0.73361,0.73385,1.00,1.00
2016.03.04 15:09:38.762,0.73361,0.73383,1.00,1.00
2016.03.04 15:09:39.263,0.73361,0.73382,1.00,1.00
2016.03.04 15:09:39.414,0.73361,0.73385,1.00,1.00
2016.03.04 15:09:39.798,0.73365,0.73384,1.00,1.12
2016.03.04 15:09:39.848,0.73365,0.73387,1.00,1.00
2016.03.04 15:09:39.970,0.73365,0.73386,1.00,1.37
2016.03.04 15:09:40.222,0.73361,0.73383,1.00,1.00
2016.03.04 15:09:40.272,0.7336,0.73381,1.12,1.00
2016.03.04 15:09:40.373,0.73355,0.73381,1.75,1.12
2016.03.04 15:09:40.575,0.7336,0.73381,1.00,1.12
2016.03.04 15:09:40.898,0.73365,0.73384,1.00,1.50
2016.03.04 15:09:40.949,0.73365,0.73387,1.00,1.50
2016.03.04 15:09:41.494,0.73365,0.73387,1.00,1.00
2016.03.04 15:09:42.017,0.73364,0.73386,1.12,1.00
2016.03.04 15:09:42.596,0.73365,0.73387,1.00,1.00
2016.03.04 15:09:42.848,0.73364,0.73387,1.00,1.75
2016.03.04 15:09:43.096,0.73359,0.73384,1.50,1.12
2016.03.04 15:09:43.196,0.73359,0.73384,1.00,1.75
2016.03.04 15:09:43.711,0.7336,0.73383,1.00,1.50
2016.03.04 15:09:44.156,0.7336,0.73382,1.00,1.75
2016.03.04 15:09:44.207,0.73355,0.73382,2.25,1.75
2016.03.04 15:09:44.358,0.73355,0.73379,1.00,1.75
2016.03.04 15:09:44.559,0.73355,0.73377,1.00,1.12
2016.03.04 15:09:44.610,0.7336,0.73377,1.00,1.12
2016.03.04 15:09:44.854,0.7336,0.73381,1.00,1.50
2016.03.04 15:09:44.955,0.73355,0.73381,1.50,1.50
2016.03.04 15:09:45.460,0.73354,0.7338,1.75,1.00
2016.03.04 15:09:45.965,0.7336,0.73381,1.00,1.50
2016.03.04 15:09:46.116,0.73356,0.73383,1.75,1.00
2016.03.04 15:09:46.318,0.73354,0.73381,2.85,1.00
2016.03.04 15:09:46.826,0.73354,0.7338,2.10,1.00
2016.03.04 15:09:46.880,0.73358,0.73382,1.67,1.00
2016.03.04 15:09:46.931,0.73364,0.73382,1.00,1.00
2016.03.04 15:09:47.033,0.73359,0.73382,1.37,1.00
2016.03.04 15:09:47.134,0.73358,0.73382,1.00,1.00
2016.03.04 15:09:47.668,0.73356,0.73381,2.25,1.37
2016.03.04 15:09:47.988,0.73355,0.73382,1.75,1.75
2016.03.04 15:09:48.290,0.73355,0.73379,1.75,1.75
2016.03.04 15:09:48.838,0.73359,0.73381,1.50,1.75
2016.03.04 15:09:49.342,0.7336,0.7338,1.75,1.75
2016.03.04 15:09:49.720,0.73355,0.73371,1.00,1.00
2016.03.04 15:09:49.771,0.73353,0.73371,1.35,1.00
2016.03.04 15:09:50.025,0.7335,0.73374,1.75,1.75
2016.03.04 15:09:50.328,0.7335,0.73375,1.75,4.50
2016.03.04 15:09:50.633,0.73355,0.73379,1.12,3.00
2016.03.04 15:09:50.951,0.7336,0.73379,1.00,1.75
2016.03.04 15:09:51.340,0.73355,0.73377,1.00,1.75
2016.03.04 15:09:51.441,0.7335,0.73377,2.25,1.75
2016.03.04 15:09:51.592,0.7335,0.73376,1.12,1.50
2016.03.04 15:09:51.643,0.73355,0.73376,1.00,1.50
2016.03.04 15:09:52.198,0.73355,0.73376,1.00,1.50
2016.03.04 15:09:52.719,0.73354,0.73375,1.00,1.12
2016.03.04 15:09:53.227,0.73355,0.73374,1.00,1.00
2016.03.04 15:09:53.538,0.7335,0.73373,1.00,1.00
2016.03.04 15:09:53.689,0.7335,0.73372,1.00,1.37
2016.03.04 15:09:54.074,0.73355,0.73375,1.00,1.75
2016.03.04 15:09:54.125,0.73355,0.73375,1.00,1.50
2016.03.04 15:09:54.176,0.73359,0.73375,1.00,1.50
2016.03.04 15:09:54.227,0.73359,0.73381,1.00,1.75
2016.03.04 15:09:54.329,0.73359,0.73381,1.00,1.75
2016.03.04 15:09:54.639,0.73365,0.73379,1.00,1.00
2016.03.04 15:09:54.988,0.7336,0.73381,1.00,1.37
2016.03.04 15:09:55.089,0.73354,0.73381,1.50,2.25
2016.03.04 15:09:55.189,0.73355,0.73379,1.00,1.50
2016.03.04 15:09:55.643,0.7336,0.73377,1.00,1.50
2016.03.04 15:09:55.840,0.73354,0.73374,1.00,1.00
2016.03.04 15:09:55.992,0.73355,0.73376,1.00,1.37
2016.03.04 15:09:56.536,0.73349,0.73373,1.75,1.75
2016.03.04 15:09:56.874,0.73351,0.73369,1.00,1.00
2016.03.04 15:09:56.925,0.73348,0.73372,1.75,2.25
2016.03.04 15:09:56.975,0.73348,0.73372,1.50,2.25
2016.03.04 15:09:57.492,0.7335,0.73368,1.12,1.75
2016.03.04 15:09:57.965,0.73345,0.73369,1.75,1.75
2016.03.04 15:09:58.066,0.73346,0.73364,1.00,1.00
2016.03.04 15:09:58.167,0.73345,0.73365,1.00,1.75
2016.03.04 15:09:58.470,0.73344,0.73364,1.00,1.75
2016.03.04 15:09:58.989,0.73345,0.73365,1.00,1.75
2016.03.04 15:09:59.347,0.7334,0.73363,1.75,1.75
2016.03.04 15:09:59.707,0.73345,0.73363,1.00,1.75
2016.03.04 15:10:00.009,0.7335,0.73369,1.00,3.00
2016.03.04 15:10:00.160,0.73345,0.73367,1.00,2.25
2016.03.04 15:10:00.261,0.7335,0.73367,1.00,3.00
2016.03.04 15:10:00.362,0.73345,0.73369,1.75,1.75
2016.03.04 15:10:00.581,0.73345,0.73369,1.75,1.75
2016.03.04 15:10:00.783,0.73345,0.73368,1.00,1.75
2016.03.04 15:10:00.884,0.73345,0.73368,1.50,1.75
2016.03.04 15:10:01.198,0.73345,0.73365,1.50,1.75
2016.03.04 15:10:01.463,0.73343,0.73365,1.30,1.75
2016.03.04 15:10:02.589,0.7334,0.73365,1.75,1.75
2016.03.04 15:10:02.917,0.7334,0.73362,1.75,1.75
2016.03.04 15:10:03.473,0.73345,0.73362,1.12,1.50
2016.03.04 15:10:03.777,0.73344,0.73364,1.00,1.75
2016.03.04 15:10:04.421,0.7334,0.73365,1.75,1.75
2016.03.04 15:10:05.710,0.73342,0.73362,1.00,1.75
2016.03.04 15:10:06.214,0.7334,0.73358,1.37,1.37
2016.03.04 15:10:07.326,0.73339,0.73357,1.30,1.37
2016.03.04 15:10:07.427,0.73337,0.73357,1.35,1.75
2016.03.04 15:10:07.729,0.73335,0.73355,1.50,1.75
2016.03.04 15:10:08.193,0.7333,0.73353,1.35,1.75
2016.03.04 15:10:08.344,0.73333,0.73351,1.60,1.00
2016.03.04 15:10:08.496,0.73335,0.73357,1.50,1.75
2016.03.04 15:10:08.547,0.73336,0.73357,1.67,1.75
2016.03.04 15:10:08.598,0.73336,0.73357,1.35,1.37
2016.03.04 15:10:08.648,0.73345,0.73363,1.00,1.75
2016.03.04 15:10:08.901,0.73345,0.73361,1.00,1.75
2016.03.04 15:10:09.041,0.73335,0.73358,1.50,1.75
2016.03.04 15:10:09.091,0.73335,0.73356,1.37,2.25
2016.03.04 15:10:09.494,0.7333,0.73348,1.50,1.00
2016.03.04 15:10:09.645,0.7333,0.73353,1.12,3.75
2016.03.04 15:10:09.993,0.73329,0.73351,1.37,3.75
2016.03.04 15:10:10.295,0.73334,0.73355,1.00,3.00
2016.03.04 15:10:10.396,0.7333,0.73354,1.30,2.25
2016.03.04 15:10:10.497,0.73335,0.73354,1.00,2.25
2016.03.04 15:10:10.548,0.73335,0.73354,1.00,1.75
2016.03.04 15:10:10.743,0.7333,0.73347,1.00,1.00
2016.03.04 15:10:10.899,0.73329,0.73351,1.12,2.25
2016.03.04 15:10:10.949,0.73326,0.7335,1.50,2.25
2016.03.04 15:10:11.453,0.73324,0.73347,1.75,1.75
2016.03.04 15:10:11.990,0.73325,0.73341,1.12,1.00
2016.03.04 15:10:12.550,0.73324,0.73344,1.12,1.75
2016.03.04 15:10:12.751,0.7332,0.73344,1.75,1.75
2016.03.04 15:10:12.953,0.73318,0.73336,1.00,1.00
2016.03.04 15:10:13.054,0.73315,0.73339,1.75,1.75
2016.03.04 15:10:13.373,0.7332,0.73343,1.12,3.00
2016.03.04 15:10:13.697,0.73324,0.73346,1.00,3.00
2016.03.04 15:10:14.457,0.7332,0.73345,1.75,1.75
2016.03.04 15:10:14.560,0.73324,0.73342,1.50,1.00
2016.03.04 15:10:14.813,0.7332,0.73343,1.37,2.25
2016.03.04 15:10:14.863,0.7332,0.73341,1.00,2.25
2016.03.04 15:10:14.965,0.73325,0.73342,1.00,2.25
2016.03.04 15:10:15.116,0.7332,0.73342,1.00,2.25
2016.03.04 15:10:15.218,0.73315,0.73334,1.75,1.00
2016.03.04 15:10:15.319,0.73316,0.73334,1.00,1.00
2016.03.04 15:10:15.958,0.7332,0.73338,1.00,1.75
2016.03.04 15:10:16.009,0.73315,0.73341,2.25,1.75
2016.03.04 15:10:16.517,0.7332,0.73337,1.00,1.00
2016.03.04 15:10:17.082,0.73319,0.73337,1.00,1.00
2016.03.04 15:10:17.296,0.73316,0.73341,1.50,2.25
2016.03.04 15:10:17.636,0.73324,0.7334,1.00,1.75
2016.03.04 15:10:17.686,0.73315,0.7334,1.75,1.75
2016.03.04 15:10:17.890,0.73316,0.73334,1.00,1.00
2016.03.04 15:10:17.997,0.73309,0.73336,3.00,1.75
2016.03.04 15:10:18.098,0.7331,0.73336,1.75,1.75
2016.03.04 15:10:18.199,0.7331,0.73335,1.75,1.75
2016.03.04 15:10:18.401,0.73315,0.73332,1.00,1.00
2016.03.04 15:10:18.602,0.73315,0.73336,1.00,1.75
2016.03.04 15:10:18.809,0.73315,0.73337,1.50,1.75
2016.03.04 15:10:18.860,0.73319,0.73339,1.00,2.25
2016.03.04 15:10:18.911,0.73319,0.73341,1.00,3.00
2016.03.04 15:10:19.011,0.73316,0.73334,1.00,1.00
2016.03.04 15:10:19.112,0.73314,0.73337,1.50,1.75
2016.03.04 15:10:19.665,0.7331,0.73336,2.25,1.75
2016.03.04 15:10:20.213,0.73315,0.73336,1.12,1.75
2016.03.04 15:10:20.415,0.73316,0.73334,1.00,1.00
2016.03.04 15:10:20.511,0.7332,0.73341,1.12,2.25
2016.03.04 15:10:20.813,0.73315,0.73339,1.75,2.25
2016.03.04 15:10:21.115,0.73315,0.73333,1.00,1.75
2016.03.04 15:10:21.216,0.73315,0.73336,1.00,1.75
2016.03.04 15:10:21.426,0.7331,0.73337,2.25,2.25
2016.03.04 15:10:21.477,0.73315,0.73337,1.00,2.25
2016.03.04 15:10:21.628,0.73309,0.73336,1.75,2.25
2016.03.04 15:10:22.174,0.73309,0.73331,1.37,1.75
2016.03.04 15:10:22.225,0.73305,0.73331,2.25,1.75
2016.03.04 15:10:22.326,0.73306,0.73324,1.00,1.00
2016.03.04 15:10:22.427,0.73304,0.73329,2.25,2.25
2016.03.04 15:10:22.729,0.733,0.73324,1.75,1.75
2016.03.04 15:10:23.302,0.73297,0.73323,1.75,1.75
2016.03.04 15:10:23.554,0.73297,0.73315,1.00,1.00
2016.03.04 15:10:23.853,0.73295,0.73321,1.75,1.75
2016.03.04 15:10:24.105,0.733,0.73321,1.50,1.75
2016.03.04 15:10:24.256,0.73299,0.73324,1.50,1.75
2016.03.04 15:10:24.758,0.73299,0.73322,1.12,1.75
2016.03.04 15:10:25.247,0.733,0.73322,1.37,1.75
2016.03.04 15:10:25.298,0.733,0.73322,1.75,1.75
2016.03.04 15:10:25.348,0.73305,0.73323,1.00,1.75
2016.03.04 15:10:25.449,0.733,0.73323,1.75,1.75
2016.03.04 15:10:25.678,0.73304,0.73322,1.00,1.00
2016.03.04 15:10:25.840,0.733,0.73325,1.75,1.75
2016.03.04 15:10:25.890,0.73302,0.7332,1.00,1.00
2016.03.04 15:10:26.667,0.733,0.73327,1.75,1.75
2016.03.04 15:10:26.970,0.73294,0.73317,1.75,1.75
2016.03.04 15:10:27.499,0.733,0.7332,1.37,1.50
2016.03.04 15:10:27.601,0.73297,0.73322,2.25,1.75
2016.03.04 15:10:27.889,0.73295,0.73322,2.25,1.75
2016.03.04 15:10:28.552,0.73299,0.73321,1.37,2.25
2016.03.04 15:10:28.855,0.733,0.73321,1.12,1.75
2016.03.04 15:10:29.694,0.733,0.73322,1.00,3.00
2016.03.04 15:10:29.896,0.73294,0.73319,1.75,1.75
2016.03.04 15:10:30.399,0.73294,0.73318,1.75,1.75
2016.03.04 15:10:30.697,0.73294,0.73318,1.75,1.75
2016.03.04 15:10:30.798,0.73297,0.73315,1.00,1.00
2016.03.04 15:10:31.100,0.73295,0.73317,1.75,1.75
2016.03.04 15:10:31.901,0.73291,0.73316,3.75,1.50
2016.03.04 15:10:32.428,0.73295,0.73319,1.75,1.75
2016.03.04 15:10:32.781,0.73295,0.7332,1.75,2.25
2016.03.04 15:10:33.084,0.73295,0.73317,1.75,1.75
2016.03.04 15:10:33.590,0.733,0.73318,1.00,1.75
2016.03.04 15:10:33.791,0.733,0.73319,1.37,1.50
2016.03.04 15:10:33.892,0.733,0.73319,1.75,1.00
2016.03.04 15:10:33.943,0.73305,0.73325,1.12,1.75
2016.03.04 15:10:34.043,0.73306,0.73324,1.00,1.00
2016.03.04 15:10:34.292,0.73305,0.73322,1.00,1.00
2016.03.04 15:10:34.827,0.73304,0.73322,1.00,1.00
2016.03.04 15:10:36.161,0.733,0.73324,1.75,1.50
2016.03.04 15:10:36.474,0.73304,0.73324,1.75,1.00
2016.03.04 15:10:36.889,0.73309,0.73327,1.00,1.00
2016.03.04 15:10:36.940,0.73311,0.73328,1.00,1.00
2016.03.04 15:10:37.244,0.7331,0.73334,1.75,1.75
2016.03.04 15:10:37.546,0.73312,0.7333,1.00,1.00
2016.03.04 15:10:38.065,0.73314,0.73332,1.00,1.00
2016.03.04 15:10:38.624,0.7331,0.73334,1.75,1.50
2016.03.04 15:10:39.174,0.73314,0.73336,1.75,1.75
2016.03.04 15:10:39.375,0.73321,0.73338,1.00,1.00
2016.03.04 15:10:39.527,0.73315,0.73341,2.25,1.75
2016.03.04 15:10:40.062,0.73315,0.73339,1.75,1.75
2016.03.04 15:10:40.675,0.73315,0.73338,1.50,1.75
2016.03.04 15:10:41.177,0.73312,0.73338,1.75,1.75
2016.03.04 15:10:41.681,0.73315,0.73338,1.75,1.75
2016.03.04 15:10:42.121,0.73315,0.73341,1.75,1.75
2016.03.04 15:10:42.637,0.7332,0.73342,1.12,1.75
2016.03.04 15:10:42.978,0.7332,0.73342,1.75,1.75
2016.03.04 15:10:43.336,0.7332,0.73341,1.75,1.75
2016.03.04 15:10:43.666,0.7332,0.73343,1.75,1.75
2016.03.04 15:10:43.717,0.7332,0.73343,1.75,1.75
2016.03.04 15:10:43.994,0.73315,0.73341,1.75,1.35
2016.03.04 15:10:44.509,0.73315,0.73341,1.75,1.75
2016.03.04 15:10:44.839,0.7332,0.7334,1.50,1.50
2016.03.04 15:10:45.151,0.73325,0.73343,1.00,1.75
2016.03.04 15:10:45.513,0.73325,0.73344,1.00,1.75
2016.03.04 15:10:45.974,0.7332,0.73342,1.75,1.75
2016.03.04 15:10:46.487,0.7332,0.73342,1.37,1.75
2016.03.04 15:10:46.716,0.73325,0.73342,1.00,1.75
2016.03.04 15:10:46.920,0.73325,0.7334,1.00,1.00
2016.03.04 15:10:46.971,0.73319,0.73341,1.75,1.75
2016.03.04 15:10:47.072,0.73325,0.73341,1.00,1.75
2016.03.04 15:10:47.173,0.7332,0.73341,1.50,1.75
2016.03.04 15:10:47.325,0.7332,0.73342,1.75,1.75
2016.03.04 15:10:47.681,0.73316,0.73338,2.25,1.37
2016.03.04 15:10:47.731,0.73319,0.73337,1.00,1.00
2016.03.04 15:10:48.188,0.73315,0.7334,1.75,1.75
2016.03.04 15:10:48.239,0.73315,0.7334,1.75,1.75
2016.03.04 15:10:48.427,0.73319,0.73337,1.00,1.00
2016.03.04 15:10:48.477,0.7332,0.73344,1.37,3.00
2016.03.04 15:10:48.529,0.73321,0.73339,1.00,1.00
2016.03.04 15:10:48.579,0.7332,0.73344,1.37,3.00
2016.03.04 15:10:48.932,0.73318,0.73336,1.00,1.00
2016.03.04 15:10:49.083,0.73315,0.73341,2.25,1.75
2016.03.04 15:10:49.134,0.7332,0.73338,1.50,1.00
2016.03.04 15:10:49.235,0.7332,0.73341,1.75,1.75
2016.03.04 15:10:49.599,0.7332,0.73344,1.75,1.75
2016.03.04 15:10:50.501,0.7332,0.73346,1.75,4.50
2016.03.04 15:10:51.116,0.7332,0.73345,1.75,2.25
2016.03.04 15:10:51.652,0.7332,0.73344,1.75,1.75
2016.03.04 15:10:52.183,0.73317,0.73344,1.75,1.75
2016.03.04 15:10:53.149,0.7332,0.73343,1.37,3.00
2016.03.04 15:10:53.200,0.73315,0.73343,1.75,3.00
2016.03.04 15:10:53.351,0.73315,0.73343,1.75,3.00
2016.03.04 15:10:55.075,0.73319,0.7334,1.00,1.75
2016.03.04 15:10:55.377,0.7331,0.73335,1.75,1.75
2016.03.04 15:10:55.602,0.7332,0.73344,1.37,1.75
2016.03.04 15:10:56.806,0.73315,0.73341,1.75,1.75
2016.03.04 15:10:56.907,0.73315,0.73341,1.75,1.75
2016.03.04 15:10:57.384,0.7332,0.73339,1.12,1.75
2016.03.04 15:10:57.687,0.7332,0.73344,1.75,1.75
2016.03.04 15:10:58.141,0.73314,0.73342,2.25,1.50
2016.03.04 15:10:58.252,0.73319,0.73337,1.00,1.50
2016.03.04 15:10:58.454,0.7332,0.73342,1.37,4.50
2016.03.04 15:10:58.567,0.73322,0.7334,1.00,1.00
2016.03.04 15:10:59.555,0.73324,0.7334,1.12,1.00
2016.03.04 15:10:59.946,0.73325,0.73347,1.50,1.75
2016.03.04 15:11:00.332,0.73324,0.73349,1.75,3.75
2016.03.04 15:11:00.383,0.73324,0.7335,1.75,1.75
2016.03.04 15:11:00.484,0.73326,0.73344,1.00,1.00
2016.03.04 15:11:00.786,0.7332,0.73345,1.75,1.75
2016.03.04 15:11:01.191,0.7332,0.73342,1.50,1.75
2016.03.04 15:11:01.700,0.7332,0.73343,1.75,1.75
2016.03.04 15:11:02.002,0.7333,0.73356,1.75,1.75
2016.03.04 15:11:02.309,0.73335,0.73358,1.50,3.00
2016.03.04 15:11:02.359,0.73335,0.73358,1.50,1.75
2016.03.04 15:11:02.510,0.7334,0.73357,1.00,1.75
2016.03.04 15:11:02.712,0.73335,0.7336,1.50,3.75
2016.03.04 15:11:03.848,0.73329,0.73354,1.75,1.50
2016.03.04 15:11:04.189,0.73333,0.73351,1.00,1.00
2016.03.04 15:11:04.492,0.7333,0.73353,1.75,1.75
2016.03.04 15:11:05.014,0.73328,0.73354,1.75,1.75
2016.03.04 15:11:06.379,0.73328,0.73351,3.00,1.00
2016.03.04 15:11:06.805,0.73335,0.73353,1.00,1.00
2016.03.04 15:11:08.116,0.73331,0.73354,2.25,1.12
2016.03.04 15:11:08.167,0.73334,0.73352,1.00,1.00
2016.03.04 15:11:08.217,0.7333,0.73354,1.75,1.75
2016.03.04 15:11:08.319,0.73334,0.73352,1.00,1.00
2016.03.04 15:11:08.586,0.73334,0.73355,1.00,1.75
2016.03.04 15:11:09.796,0.7333,0.73351,1.75,1.00
2016.03.04 15:11:09.948,0.73335,0.73353,1.00,1.00
2016.03.04 15:11:10.303,0.7334,0.73356,1.37,1.37
2016.03.04 15:11:10.353,0.7334,0.73356,1.75,1.00
2016.03.04 15:11:10.404,0.7334,0.73359,1.37,1.50
2016.03.04 15:11:10.454,0.73335,0.73359,1.75,2.10
2016.03.04 15:11:10.656,0.7334,0.73358,1.00,1.75
2016.03.04 15:11:10.757,0.7334,0.73358,1.50,1.00
2016.03.04 15:11:11.305,0.73334,0.73359,3.75,1.75
2016.03.04 15:11:11.872,0.73333,0.73358,2.25,1.50
2016.03.04 15:11:12.118,0.73331,0.73356,2.25,1.75
2016.03.04 15:11:12.337,0.7333,0.73356,2.25,1.75
2016.03.04 15:11:13.713,0.73333,0.73359,1.75,1.75
2016.03.04 15:11:15.717,0.73335,0.73361,2.25,1.75
2016.03.04 15:11:16.203,0.73345,0.73361,1.00,1.75
2016.03.04 15:11:16.304,0.7334,0.73362,1.12,1.75
2016.03.04 15:11:16.354,0.7334,0.73359,1.37,1.00
2016.03.04 15:11:16.706,0.73345,0.73365,1.50,1.75
2016.03.04 15:11:17.056,0.73341,0.73367,1.75,1.75
2016.03.04 15:11:17.774,0.7334,0.73364,1.75,1.37
2016.03.04 15:11:18.016,0.73335,0.73362,1.75,1.75
2016.03.04 15:11:18.118,0.73336,0.73362,3.00,1.50
2016.03.04 15:11:18.169,0.73344,0.73362,1.00,1.50
2016.03.04 15:11:18.433,0.73339,0.73365,3.00,1.75
2016.03.04 15:11:18.635,0.73345,0.73371,3.00,1.75
2016.03.04 15:11:20.168,0.73346,0.7337,2.25,1.00
2016.03.04 15:11:20.470,0.7335,0.73372,1.75,1.75
2016.03.04 15:11:20.621,0.7335,0.73372,1.75,1.50
2016.03.04 15:11:21.071,0.73349,0.73377,2.25,1.75
2016.03.04 15:11:21.579,0.73355,0.73378,1.75,1.75
2016.03.04 15:11:21.959,0.73355,0.73379,1.75,1.75
2016.03.04 15:11:22.584,0.73359,0.73377,1.00,1.00
2016.03.04 15:11:22.841,0.7336,0.73386,1.75,1.75
2016.03.04 15:11:23.143,0.7336,0.73386,1.75,1.75
2016.03.04 15:11:24.075,0.7336,0.73383,3.75,1.00
2016.03.04 15:11:24.276,0.73365,0.73391,2.25,1.50
2016.03.04 15:11:24.327,0.73365,0.73391,2.25,1.12
2016.03.04 15:11:24.377,0.73365,0.73391,2.25,1.00
2016.03.04 15:11:24.886,0.73365,0.73391,2.25,1.60
2016.03.04 15:11:24.936,0.73366,0.73392,1.75,1.12
2016.03.04 15:11:24.987,0.7337,0.73392,1.00,1.12
2016.03.04 15:11:25.360,0.73365,0.7339,1.75,1.12
2016.03.04 15:11:25.411,0.73364,0.7339,2.25,1.12
2016.03.04 15:11:25.462,0.73364,0.73389,1.75,1.00
2016.03.04 15:11:25.713,0.73365,0.7339,1.50,1.12
2016.03.04 15:11:26.128,0.73365,0.73392,1.75,1.12
2016.03.04 15:11:26.809,0.73365,0.7339,1.75,1.00
2016.03.04 15:11:27.354,0.73365,0.73391,1.75,1.00
