2013.07.15 23:00:00.149,0.86181,0.86224,4.69,1.69
2013.07.15 23:00:00.698,0.86181,0.86224,3.19,1.69
2013.07.15 23:00:00.818,0.86181,0.86222,1.69,1.69
2013.07.15 23:00:02.649,0.86181,0.8622,1.69,1.69
2013.07.15 23:00:02.708,0.86178,0.8622,2.44,1.69
2013.07.15 23:00:02.768,0.86176,0.8622,3.94,3.19
2013.07.15 23:00:03.229,0.86177,0.8622,1.69,1.69
2013.07.15 23:00:03.759,0.86176,0.86217,1.69,1.69
2013.07.15 23:00:04.842,0.86174,0.86217,1.69,1.69
2013.07.15 23:00:05.388,0.86174,0.86217,1.69,1.69
2013.07.15 23:00:06.749,0.86174,0.86217,1.69,1.69
2013.07.15 23:00:06.808,0.86177,0.86217,1.69,1.69
2013.07.15 23:00:11.081,0.86175,0.8622,1.69,1.69
2013.07.15 23:00:11.759,0.86175,0.8622,1.69,1.69
2013.07.15 23:00:11.938,0.86175,0.8622,1.69,1.69
2013.07.15 23:00:13.191,0.86177,0.86217,1.69,1.69
2013.07.15 23:00:15.250,0.86177,0.86221,1.69,1.69
2013.07.15 23:00:15.659,0.8618,0.86221,1.69,1.69
2013.07.15 23:00:18.418,0.8618,0.86223,1.69,3.94
2013.07.15 23:00:19.238,0.86185,0.86223,1.69,3.19
2013.07.15 23:00:19.368,0.86181,0.86223,1.69,3.94
2013.07.15 23:00:19.570,0.86181,0.86223,1.69,1.69
2013.07.15 23:00:20.351,0.86183,0.86226,2.44,3.19
2013.07.15 23:00:21.292,0.86182,0.86226,2.44,1.69
2013.07.15 23:00:22.680,0.86182,0.86227,2.44,3.19
2013.07.15 23:00:22.738,0.86186,0.86227,1.69,3.19
2013.07.15 23:00:27.548,0.86185,0.86226,1.69,1.69
2013.07.15 23:00:28.660,0.86186,0.86227,1.69,1.69
2013.07.15 23:00:28.718,0.86188,0.86227,1.69,1.69
2013.07.15 23:00:28.859,0.86191,0.86228,1.69,1.50
2013.07.15 23:00:28.919,0.86193,0.86238,2.44,1.69
2013.07.15 23:00:29.038,0.86194,0.86241,2.44,1.69
2013.07.15 23:00:29.158,0.86194,0.86236,3.94,2.25
2013.07.15 23:00:29.338,0.86193,0.86236,2.44,1.69
2013.07.15 23:00:29.578,0.86196,0.86239,1.69,1.69
2013.07.15 23:00:30.178,0.86192,0.86236,2.44,1.69
2013.07.15 23:00:30.239,0.86191,0.86232,3.19,1.69
2013.07.15 23:00:32.891,0.86192,0.86233,1.69,1.69
2013.07.15 23:00:34.118,0.8619,0.86233,1.69,1.69
2013.07.15 23:00:37.808,0.86192,0.86233,1.69,1.69
2013.07.15 23:00:41.919,0.86192,0.86233,1.69,1.69
2013.07.15 23:00:44.826,0.86192,0.86234,1.69,1.69
2013.07.15 23:00:50.288,0.8619,0.86233,1.69,1.69
2013.07.15 23:00:51.310,0.86192,0.86234,2.44,1.69
2013.07.15 23:00:54.308,0.86192,0.86233,1.69,1.69
2013.07.15 23:00:54.868,0.86188,0.86233,2.44,3.19
2013.07.15 23:00:55.228,0.86187,0.86227,1.69,1.69
2013.07.15 23:00:55.548,0.86185,0.86223,1.69,1.69
2013.07.15 23:00:58.018,0.86183,0.86223,1.69,1.69
2013.07.15 23:00:59.549,0.86183,0.8622,1.69,1.69
2013.07.15 23:01:02.138,0.86183,0.86226,2.44,3.94
2013.07.15 23:01:02.198,0.86184,0.86226,1.69,2.44
2013.07.15 23:01:03.518,0.86188,0.86228,1.69,1.69
2013.07.15 23:01:08.421,0.8619,0.86229,1.69,1.69
2013.07.15 23:01:16.544,0.86192,0.8623,1.69,1.69
2013.07.15 23:01:17.543,0.86192,0.86229,1.69,1.69
2013.07.15 23:01:20.688,0.86192,0.86229,1.69,1.69
2013.07.15 23:01:26.418,0.86189,0.86229,1.69,1.69
2013.07.15 23:01:28.382,0.86191,0.86229,1.69,1.69
2013.07.15 23:01:29.469,0.86191,0.86233,1.69,1.69
2013.07.15 23:01:29.589,0.86194,0.86233,1.69,1.69
2013.07.15 23:01:30.138,0.86192,0.86232,1.69,1.69
2013.07.15 23:01:31.358,0.86191,0.86231,1.69,1.69
2013.07.15 23:01:37.349,0.86189,0.86231,3.19,1.69
2013.07.15 23:01:37.408,0.86189,0.86229,2.44,1.69
2013.07.15 23:01:37.995,0.86187,0.86227,1.69,1.69
2013.07.15 23:01:39.069,0.8619,0.86228,1.69,1.69
2013.07.15 23:01:39.688,0.86186,0.86226,2.44,1.69
2013.07.15 23:01:40.357,0.86189,0.86228,1.69,1.69
2013.07.15 23:01:43.279,0.86189,0.86228,1.69,1.69
2013.07.15 23:01:45.149,0.86189,0.86231,1.69,2.44
2013.07.15 23:01:45.208,0.8619,0.86231,1.69,1.50
2013.07.15 23:01:45.767,0.8619,0.86233,1.69,2.44
2013.07.15 23:01:46.848,0.86194,0.86233,1.69,1.69
2013.07.15 23:01:48.397,0.86195,0.86235,1.69,2.44
2013.07.15 23:01:51.408,0.86192,0.86234,1.69,1.69
2013.07.15 23:01:55.017,0.86192,0.86234,1.69,1.69
2013.07.15 23:01:55.518,0.86192,0.86233,2.44,1.69
2013.07.15 23:01:56.431,0.86192,0.86233,1.69,1.69
2013.07.15 23:01:57.576,0.86193,0.86233,1.69,1.69
2013.07.15 23:01:58.068,0.86197,0.86237,1.50,2.44
2013.07.15 23:01:58.129,0.86198,0.8624,1.69,2.44
2013.07.15 23:01:58.248,0.862,0.8624,1.69,2.44
2013.07.15 23:01:58.308,0.86201,0.86241,1.69,3.19
2013.07.15 23:01:58.428,0.86201,0.86238,1.69,1.69
2013.07.15 23:01:58.548,0.86196,0.86234,1.69,1.69
2013.07.15 23:02:03.729,0.862,0.86238,1.69,1.69
2013.07.15 23:02:07.111,0.862,0.86238,1.69,1.69
2013.07.15 23:02:13.228,0.86199,0.86238,1.69,1.69
2013.07.15 23:02:16.110,0.86198,0.86237,1.69,1.69
2013.07.15 23:02:16.288,0.86197,0.86236,1.50,1.69
2013.07.15 23:02:16.688,0.86196,0.86236,1.69,1.69
2013.07.15 23:02:16.748,0.86196,0.86233,1.69,1.69
2013.07.15 23:02:23.364,0.86196,0.86236,1.50,1.69
2013.07.15 23:02:23.491,0.86197,0.86236,1.50,1.69
2013.07.15 23:02:24.109,0.86197,0.86236,2.44,1.69
2013.07.15 23:02:25.271,0.86195,0.86233,2.44,1.69
2013.07.15 23:02:25.921,0.86195,0.86232,1.69,1.69
2013.07.15 23:02:26.039,0.8619,0.86223,2.25,1.69
2013.07.15 23:02:26.099,0.86184,0.86224,2.44,3.19
2013.07.15 23:02:26.579,0.86188,0.86227,1.50,1.69
2013.07.15 23:02:28.478,0.86186,0.86224,1.69,1.69
2013.07.15 23:02:29.414,0.86186,0.86224,1.69,1.69
2013.07.15 23:02:30.621,0.86186,0.86224,1.69,1.69
2013.07.15 23:02:31.838,0.86186,0.86224,1.69,1.69
2013.07.15 23:02:32.315,0.86188,0.86225,1.69,1.69
2013.07.15 23:02:33.398,0.86188,0.86225,1.69,1.69
2013.07.15 23:02:34.878,0.86185,0.86224,1.69,1.69
2013.07.15 23:02:36.798,0.86185,0.86224,1.69,1.69
2013.07.15 23:02:37.330,0.86187,0.86228,1.69,3.19
2013.07.15 23:02:37.978,0.86188,0.86225,1.69,1.69
2013.07.15 23:02:45.848,0.86187,0.86225,1.69,1.69
2013.07.15 23:02:58.488,0.86188,0.86225,1.69,1.69
2013.07.15 23:03:03.158,0.86183,0.86219,2.44,1.50
2013.07.15 23:03:03.279,0.86182,0.86219,1.69,1.50
2013.07.15 23:03:04.758,0.86181,0.86218,1.69,1.69
2013.07.15 23:03:05.890,0.86182,0.86221,2.44,1.69
2013.07.15 23:03:06.399,0.86183,0.86222,1.69,1.69
2013.07.15 23:03:06.938,0.86183,0.86222,1.69,1.69
2013.07.15 23:03:08.486,0.86184,0.86223,1.69,1.69
2013.07.15 23:03:12.759,0.86186,0.86223,1.69,1.69
2013.07.15 23:03:12.898,0.86185,0.86224,2.44,1.69
2013.07.15 23:03:13.199,0.86185,0.86224,1.69,1.69
2013.07.15 23:03:16.651,0.86182,0.86223,1.69,2.44
2013.07.15 23:03:18.808,0.86181,0.86219,1.69,2.44
2013.07.15 23:03:19.288,0.86182,0.86223,1.69,1.69
2013.07.15 23:03:19.689,0.86186,0.86224,1.69,3.19
2013.07.15 23:03:19.947,0.86186,0.86224,1.69,1.69
2013.07.15 23:03:21.271,0.86186,0.86224,1.69,1.69
2013.07.15 23:03:23.375,0.86187,0.86224,1.69,1.69
2013.07.15 23:03:25.938,0.86186,0.86224,2.44,1.69
2013.07.15 23:03:26.358,0.86186,0.86224,1.69,1.69
2013.07.15 23:03:27.448,0.86187,0.86226,1.69,1.69
2013.07.15 23:03:27.508,0.86187,0.86226,1.69,1.69
2013.07.15 23:03:28.148,0.86187,0.86226,1.69,1.69
2013.07.15 23:03:29.049,0.86191,0.86226,1.50,1.69
2013.07.15 23:03:32.778,0.86188,0.86226,1.69,1.69
2013.07.15 23:03:33.158,0.86186,0.86224,1.69,1.69
2013.07.15 23:03:34.267,0.86189,0.86228,1.50,1.69
2013.07.15 23:03:34.860,0.86192,0.86229,1.69,1.69
2013.07.15 23:03:37.379,0.86191,0.86225,1.69,1.69
2013.07.15 23:03:37.499,0.86191,0.86228,2.44,1.69
2013.07.15 23:03:38.659,0.86191,0.86226,1.69,1.69
2013.07.15 23:03:39.648,0.8619,0.86226,1.69,1.69
2013.07.15 23:03:40.763,0.8619,0.86228,1.69,1.69
2013.07.15 23:03:41.378,0.86191,0.86228,1.69,1.69
2013.07.15 23:03:41.958,0.8619,0.86228,1.69,1.69
2013.07.15 23:03:42.498,0.8619,0.86225,1.69,1.69
2013.07.15 23:03:50.037,0.86192,0.86227,1.69,1.69
2013.07.15 23:03:52.647,0.86189,0.86225,1.50,1.69
2013.07.15 23:03:54.856,0.86189,0.86224,1.50,1.69
2013.07.15 23:03:55.440,0.86186,0.86224,1.69,1.69
2013.07.15 23:03:55.990,0.86189,0.86224,1.50,1.69
2013.07.15 23:04:00.459,0.86186,0.86224,2.44,1.69
2013.07.15 23:04:01.589,0.86186,0.86224,1.69,1.69
2013.07.15 23:04:02.388,0.86181,0.8622,1.69,2.44
2013.07.15 23:04:04.988,0.86179,0.86218,2.44,1.69
2013.07.15 23:04:05.588,0.86183,0.8622,1.69,1.69
2013.07.15 23:04:05.998,0.86183,0.8622,1.69,1.69
2013.07.15 23:04:06.178,0.86181,0.8622,2.44,1.69
2013.07.15 23:04:06.529,0.86181,0.86218,1.69,1.69
2013.07.15 23:04:06.771,0.86183,0.86221,1.69,1.69
2013.07.15 23:04:06.888,0.86185,0.86223,2.44,3.19
2013.07.15 23:04:07.009,0.86187,0.86223,1.69,3.19
2013.07.15 23:04:07.620,0.86187,0.86223,1.69,1.69
2013.07.15 23:04:08.822,0.86187,0.86223,1.69,3.19
2013.07.15 23:04:09.148,0.86187,0.86223,1.69,1.69
2013.07.15 23:04:10.080,0.86187,0.86223,1.69,1.69
2013.07.15 23:04:10.331,0.86184,0.8622,1.69,1.69
2013.07.15 23:04:10.719,0.86182,0.86218,1.69,1.69
2013.07.15 23:04:11.053,0.86179,0.86217,1.69,1.69
2013.07.15 23:04:11.677,0.86179,0.86217,1.69,1.69
2013.07.15 23:04:12.283,0.86178,0.86215,1.69,1.69
2013.07.15 23:04:15.111,0.86178,0.86216,1.69,1.69
2013.07.15 23:04:15.199,0.86178,0.86217,1.69,1.69
2013.07.15 23:04:16.510,0.86177,0.86216,1.69,1.69
2013.07.15 23:04:18.529,0.86179,0.86218,1.69,2.44
2013.07.15 23:04:21.078,0.86176,0.86214,1.69,2.44
2013.07.15 23:04:22.228,0.86174,0.86211,1.69,1.69
2013.07.15 23:04:23.638,0.86173,0.86211,1.69,1.69
2013.07.15 23:04:24.162,0.86172,0.86209,1.69,1.69
2013.07.15 23:04:25.939,0.86171,0.86206,2.44,1.69
2013.07.15 23:04:26.828,0.86167,0.86205,1.69,1.69
2013.07.15 23:04:26.888,0.86165,0.86202,1.69,1.69
2013.07.15 23:04:28.459,0.86165,0.862,1.69,1.69
2013.07.15 23:04:28.980,0.86158,0.86197,1.69,2.44
2013.07.15 23:04:29.038,0.86158,0.86194,1.69,1.50
2013.07.15 23:04:32.180,0.86159,0.86195,1.69,1.69
2013.07.15 23:04:33.859,0.86159,0.86198,1.69,1.69
2013.07.15 23:04:36.728,0.86157,0.86195,2.44,1.69
2013.07.15 23:04:36.789,0.86157,0.86198,2.44,1.69
2013.07.15 23:04:36.969,0.86157,0.86195,2.44,1.69
2013.07.15 23:04:40.159,0.8616,0.86198,1.69,2.44
2013.07.15 23:04:40.710,0.8616,0.86197,1.69,1.69
2013.07.15 23:04:44.970,0.86161,0.86198,1.69,1.69
2013.07.15 23:04:45.089,0.8616,0.86197,1.69,1.69
2013.07.15 23:04:49.569,0.86159,0.86194,1.69,1.69
2013.07.15 23:04:53.798,0.86156,0.86193,2.44,1.69
2013.07.15 23:04:56.698,0.86156,0.86192,1.69,1.69
2013.07.15 23:04:57.060,0.86156,0.86192,1.69,1.69
2013.07.15 23:05:02.158,0.8616,0.86197,2.44,1.69
2013.07.15 23:05:05.270,0.86162,0.86199,1.69,1.69
2013.07.15 23:05:05.798,0.86165,0.86202,1.69,1.69
2013.07.15 23:05:07.532,0.86165,0.86202,1.69,1.69
2013.07.15 23:05:08.150,0.86165,0.86202,1.69,1.69
2013.07.15 23:05:09.436,0.86165,0.86202,1.69,1.69
2013.07.15 23:05:10.239,0.86167,0.86202,1.69,1.69
2013.07.15 23:05:10.846,0.86165,0.86202,1.69,1.69
2013.07.15 23:05:11.368,0.86166,0.86202,1.69,1.69
2013.07.15 23:05:12.628,0.86166,0.86202,1.69,1.69
2013.07.15 23:05:13.720,0.86166,0.86204,1.69,1.69
2013.07.15 23:05:14.341,0.86166,0.86204,1.69,1.69
2013.07.15 23:05:14.579,0.86166,0.86204,1.69,1.69
2013.07.15 23:05:15.206,0.86166,0.86203,2.44,1.69
2013.07.15 23:05:18.579,0.86166,0.86202,1.69,1.69
2013.07.15 23:05:20.637,0.86166,0.86202,1.69,1.69
2013.07.15 23:05:27.950,0.86162,0.86198,1.69,1.69
2013.07.15 23:05:37.498,0.86166,0.86201,1.69,1.69
2013.07.15 23:05:38.510,0.86166,0.86201,1.69,1.69
2013.07.15 23:05:38.879,0.86171,0.86208,1.69,1.69
2013.07.15 23:05:39.209,0.86175,0.86212,1.50,2.44
2013.07.15 23:05:39.268,0.86179,0.86218,1.69,3.19
2013.07.15 23:05:39.448,0.8618,0.86218,1.69,1.69
2013.07.15 23:05:39.508,0.8618,0.86218,1.69,2.44
2013.07.15 23:05:40.350,0.86182,0.86218,1.69,2.44
2013.07.15 23:05:44.359,0.86182,0.86218,1.69,2.44
2013.07.15 23:05:50.080,0.86182,0.86218,1.69,1.69
2013.07.15 23:05:56.619,0.86182,0.86218,1.69,1.69
2013.07.15 23:05:57.529,0.86183,0.8622,1.69,1.69
2013.07.15 23:05:59.839,0.86182,0.86219,1.69,1.69
2013.07.15 23:06:00.023,0.86183,0.86221,1.69,1.69
2013.07.15 23:06:01.919,0.86181,0.86219,1.69,1.69
2013.07.15 23:06:02.548,0.86181,0.86219,1.69,1.69
2013.07.15 23:06:03.719,0.86181,0.86222,2.44,1.69
2013.07.15 23:06:04.893,0.86186,0.86222,1.69,1.69
2013.07.15 23:06:05.248,0.8619,0.86227,1.69,1.69
2013.07.15 23:06:05.549,0.86192,0.86231,1.69,1.69
2013.07.15 23:06:05.609,0.86191,0.86229,1.69,1.69
2013.07.15 23:06:07.906,0.86191,0.86229,1.69,1.69
2013.07.15 23:06:09.416,0.8619,0.86229,1.69,1.69
2013.07.15 23:06:12.119,0.8619,0.8623,2.44,1.69
2013.07.15 23:06:12.239,0.86198,0.86233,1.69,2.44
2013.07.15 23:06:12.479,0.86198,0.86235,2.44,1.69
2013.07.15 23:06:12.839,0.86198,0.86234,1.69,1.69
2013.07.15 23:06:14.419,0.86198,0.86233,1.69,2.44
2013.07.15 23:06:18.339,0.86197,0.86233,1.69,1.69
2013.07.15 23:06:18.870,0.86197,0.86234,1.69,1.69
2013.07.15 23:06:20.898,0.86197,0.86234,1.69,2.44
2013.07.15 23:06:21.970,0.86196,0.86233,1.69,1.69
2013.07.15 23:06:23.939,0.86196,0.86237,2.44,1.69
2013.07.15 23:06:25.726,0.862,0.86237,1.69,1.69
2013.07.15 23:06:25.969,0.86205,0.86242,1.69,2.44
2013.07.15 23:06:26.029,0.86205,0.86242,1.69,1.69
2013.07.15 23:06:29.978,0.86208,0.86245,1.69,1.69
2013.07.15 23:06:30.605,0.86208,0.86245,1.69,1.69
2013.07.15 23:06:32.339,0.86207,0.86247,1.69,1.69
2013.07.15 23:06:35.118,0.86208,0.86243,1.69,1.69
2013.07.15 23:06:36.099,0.86208,0.86243,1.69,2.44
2013.07.15 23:06:36.851,0.86208,0.86242,1.69,1.69
2013.07.15 23:06:50.189,0.86207,0.86247,2.44,3.19
2013.07.15 23:06:50.249,0.86207,0.86244,2.44,1.69
2013.07.15 23:06:50.429,0.86211,0.86247,1.69,1.69
2013.07.15 23:06:50.963,0.86211,0.86248,1.69,2.44
2013.07.15 23:06:52.109,0.86209,0.86248,1.69,1.69
2013.07.15 23:06:53.359,0.86209,0.86247,1.69,1.69
2013.07.15 23:07:01.381,0.8621,0.8625,1.69,1.69
2013.07.15 23:07:01.789,0.86209,0.86243,1.69,1.50
2013.07.15 23:07:04.159,0.86206,0.86243,1.69,1.69
2013.07.15 23:07:04.683,0.86206,0.86243,1.69,1.69
2013.07.15 23:07:04.919,0.86206,0.86243,1.69,1.69
2013.07.15 23:07:06.268,0.86206,0.86243,1.69,1.69
2013.07.15 23:07:06.688,0.86204,0.86242,1.69,1.69
2013.07.15 23:07:06.869,0.86204,0.86242,1.69,1.69
2013.07.15 23:07:06.989,0.86204,0.86242,1.69,1.69
2013.07.15 23:07:07.109,0.86204,0.86242,1.69,1.69
2013.07.15 23:07:07.633,0.86204,0.86242,1.69,1.69
2013.07.15 23:07:09.359,0.86204,0.86242,1.69,1.69
2013.07.15 23:07:11.469,0.86202,0.8624,1.69,1.69
2013.07.15 23:07:15.739,0.86203,0.8624,1.69,1.69
2013.07.15 23:07:16.459,0.86203,0.8624,1.69,1.69
2013.07.15 23:07:21.108,0.86204,0.8624,1.69,1.69
2013.07.15 23:07:21.717,0.86202,0.86238,1.69,1.69
2013.07.15 23:07:22.521,0.862,0.86238,1.69,1.69
2013.07.15 23:07:23.331,0.862,0.86236,1.69,1.69
2013.07.15 23:07:25.479,0.862,0.86236,1.69,1.69
2013.07.15 23:07:25.539,0.862,0.86236,1.69,1.69
2013.07.15 23:07:32.375,0.86199,0.86238,1.69,2.44
2013.07.15 23:07:33.802,0.86199,0.86238,1.69,2.44
2013.07.15 23:07:34.327,0.86199,0.86238,1.69,2.44
2013.07.15 23:07:38.229,0.86199,0.86237,1.69,1.69
2013.07.15 23:07:40.859,0.86199,0.86238,1.69,1.69
2013.07.15 23:07:41.039,0.86204,0.86242,1.69,2.44
2013.07.15 23:07:41.098,0.86204,0.86239,1.69,1.69
2013.07.15 23:07:41.450,0.86204,0.86239,1.69,1.69
2013.07.15 23:07:41.509,0.86204,0.86239,1.69,1.69
2013.07.15 23:07:42.179,0.86204,0.86242,1.69,1.69
2013.07.15 23:07:42.840,0.86202,0.86239,1.69,1.50
2013.07.15 23:07:43.376,0.86202,0.86243,1.69,1.69
2013.07.15 23:07:43.679,0.86204,0.86243,1.69,1.69
2013.07.15 23:07:44.219,0.86203,0.8624,1.69,1.50
2013.07.15 23:07:44.449,0.86203,0.86239,1.69,1.50
2013.07.15 23:07:44.513,0.86203,0.86241,1.69,1.50
2013.07.15 23:07:45.068,0.86203,0.86239,1.69,1.50
2013.07.15 23:07:45.759,0.86203,0.86239,1.69,1.50
2013.07.15 23:07:46.958,0.86203,0.86239,1.69,1.50
2013.07.15 23:07:47.489,0.86202,0.86239,1.69,2.44
2013.07.15 23:07:48.719,0.86202,0.86242,1.69,2.44
2013.07.15 23:07:50.489,0.86205,0.86244,2.44,1.69
2013.07.15 23:07:50.549,0.86205,0.86243,1.69,1.50
2013.07.15 23:07:51.051,0.86204,0.86241,1.69,2.44
2013.07.15 23:07:54.733,0.86207,0.86244,1.69,1.69
2013.07.15 23:07:55.171,0.86206,0.86245,2.44,1.69
2013.07.15 23:08:01.439,0.86211,0.86246,1.69,1.69
2013.07.15 23:08:04.301,0.8621,0.86247,1.69,2.44
2013.07.15 23:08:10.340,0.8621,0.86248,1.69,1.69
2013.07.15 23:08:10.459,0.86207,0.86247,1.69,1.69
2013.07.15 23:08:11.203,0.86205,0.86247,3.94,1.69
2013.07.15 23:08:12.525,0.86203,0.86246,2.44,1.69
2013.07.15 23:08:13.669,0.86206,0.86247,1.69,2.44
2013.07.15 23:08:15.693,0.86207,0.86246,1.69,1.69
2013.07.15 23:08:18.539,0.86207,0.86246,1.69,1.69
2013.07.15 23:08:28.119,0.86211,0.8625,1.69,1.69
2013.07.15 23:08:28.420,0.86212,0.86254,1.69,1.69
2013.07.15 23:08:28.819,0.86212,0.86256,1.69,2.44
2013.07.15 23:08:29.365,0.86212,0.86257,1.69,3.19
2013.07.15 23:08:30.148,0.8621,0.86256,2.44,1.69
2013.07.15 23:08:32.243,0.8621,0.86259,1.69,1.69
2013.07.15 23:08:35.448,0.8621,0.86259,1.69,2.44
2013.07.15 23:08:36.072,0.86211,0.86257,2.44,1.69
2013.07.15 23:08:37.492,0.86211,0.86257,1.69,3.19
2013.07.15 23:08:38.399,0.86211,0.86251,1.69,1.50
2013.07.15 23:08:38.459,0.86208,0.86251,1.69,1.69
2013.07.15 23:08:55.809,0.86207,0.86247,2.44,1.69
2013.07.15 23:08:57.869,0.86212,0.8625,1.69,3.19
2013.07.15 23:08:58.109,0.86213,0.86251,1.69,2.25
2013.07.15 23:09:00.668,0.86215,0.86254,1.69,1.69
2013.07.15 23:09:01.050,0.86213,0.86254,1.69,1.69
2013.07.15 23:09:01.170,0.86215,0.86254,1.69,1.69
2013.07.15 23:09:07.509,0.8621,0.86248,1.69,2.44
2013.07.15 23:09:07.809,0.86205,0.86244,1.69,1.69
2013.07.15 23:09:07.929,0.86202,0.86242,1.69,2.44
2013.07.15 23:09:08.297,0.86195,0.86236,1.69,1.69
2013.07.15 23:09:08.480,0.86195,0.86233,1.69,3.94
2013.07.15 23:09:08.539,0.86188,0.8623,1.69,1.69
2013.07.15 23:09:08.783,0.86186,0.86229,1.69,1.69
2013.07.15 23:09:10.569,0.86186,0.86228,2.44,2.44
2013.07.15 23:09:14.149,0.86187,0.86227,1.69,1.69
2013.07.15 23:09:15.282,0.86186,0.86228,2.44,1.69
2013.07.15 23:09:16.729,0.86186,0.86224,1.69,1.69
2013.07.15 23:09:17.123,0.86183,0.86224,1.69,1.69
2013.07.15 23:09:18.700,0.86183,0.86223,1.69,1.69
2013.07.15 23:09:20.549,0.86183,0.86224,1.69,1.69
2013.07.15 23:09:20.853,0.86182,0.86223,3.19,1.69
2013.07.15 23:09:21.211,0.86186,0.86224,1.69,1.69
2013.07.15 23:09:21.765,0.86183,0.86226,1.69,2.44
2013.07.15 23:09:21.980,0.86182,0.86226,1.69,2.44
2013.07.15 23:09:22.161,0.86181,0.86222,3.19,1.69
2013.07.15 23:09:22.692,0.86181,0.86222,1.69,1.69
2013.07.15 23:09:23.249,0.86179,0.86222,1.69,1.69
2013.07.15 23:09:23.859,0.8618,0.8622,1.69,1.69
2013.07.15 23:09:24.519,0.86179,0.8622,1.69,1.69
2013.07.15 23:09:25.653,0.86177,0.86221,3.19,1.69
2013.07.15 23:09:26.989,0.86176,0.86216,1.69,1.69
2013.07.15 23:09:27.139,0.86176,0.86216,1.69,1.69
2013.07.15 23:09:27.469,0.86179,0.86218,1.69,1.69
2013.07.15 23:09:28.660,0.86182,0.86218,1.69,1.69
2013.07.15 23:09:28.839,0.86181,0.86219,1.69,1.69
2013.07.15 23:09:29.019,0.86191,0.86225,1.50,1.69
2013.07.15 23:09:29.324,0.86191,0.86229,2.44,1.69
2013.07.15 23:09:30.299,0.86192,0.86229,1.69,1.69
2013.07.15 23:09:33.421,0.86197,0.86229,1.50,1.69
2013.07.15 23:09:33.479,0.86198,0.86236,1.69,1.69
2013.07.15 23:09:33.659,0.86199,0.86236,1.69,1.69
2013.07.15 23:09:34.020,0.86196,0.86236,1.69,1.69
2013.07.15 23:09:34.079,0.86194,0.86234,1.69,1.69
2013.07.15 23:09:34.199,0.86196,0.86234,1.50,1.69
2013.07.15 23:09:34.563,0.86197,0.86238,1.69,1.69
2013.07.15 23:09:34.630,0.86197,0.86238,2.44,1.69
2013.07.15 23:09:34.869,0.86201,0.86239,1.69,1.69
2013.07.15 23:09:35.288,0.86202,0.86239,1.69,1.69
2013.07.15 23:09:35.909,0.86202,0.86239,1.69,1.69
2013.07.15 23:09:35.969,0.86204,0.86242,1.69,1.69
2013.07.15 23:09:36.089,0.86205,0.86243,2.44,1.69
2013.07.15 23:09:36.269,0.86211,0.86247,1.69,1.50
2013.07.15 23:09:37.061,0.86208,0.8625,1.69,1.69
2013.07.15 23:09:37.779,0.86211,0.8625,1.69,2.44
2013.07.15 23:09:37.899,0.86213,0.86254,1.69,1.69
2013.07.15 23:09:38.019,0.86218,0.86258,1.69,2.44
2013.07.15 23:09:38.198,0.86223,0.8626,1.69,1.69
2013.07.15 23:09:38.559,0.86228,0.86265,1.69,1.69
2013.07.15 23:09:38.859,0.86228,0.86265,1.69,1.69
2013.07.15 23:09:39.279,0.86231,0.86268,1.69,1.69
2013.07.15 23:09:40.330,0.86231,0.86268,1.69,1.69
2013.07.15 23:09:40.749,0.86231,0.86268,1.69,1.69
2013.07.15 23:09:41.271,0.86231,0.86268,1.69,1.69
2013.07.15 23:09:41.790,0.86231,0.86268,1.69,1.69
2013.07.15 23:09:42.199,0.8623,0.86267,1.69,1.69
2013.07.15 23:09:44.369,0.86228,0.86265,1.69,1.69
2013.07.15 23:09:45.239,0.86228,0.86265,1.69,1.69
2013.07.15 23:09:45.760,0.86228,0.86265,1.69,1.69
2013.07.15 23:09:46.289,0.86228,0.86265,1.69,1.69
2013.07.15 23:09:46.699,0.86228,0.86265,1.69,1.69
2013.07.15 23:09:46.819,0.86227,0.86265,1.69,1.69
2013.07.15 23:09:47.824,0.86222,0.86261,1.69,1.69
2013.07.15 23:09:49.260,0.86222,0.86261,1.69,1.69
2013.07.15 23:09:49.709,0.86225,0.86263,1.69,1.69
2013.07.15 23:09:51.729,0.86225,0.86268,1.69,2.44
2013.07.15 23:09:52.113,0.86231,0.86271,1.69,1.69
2013.07.15 23:09:53.499,0.86233,0.86269,1.69,1.69
2013.07.15 23:09:56.019,0.86228,0.86269,1.69,2.44
2013.07.15 23:09:56.079,0.86228,0.86263,1.69,1.69
2013.07.15 23:09:56.619,0.86223,0.86266,1.69,1.69
2013.07.15 23:09:56.679,0.86227,0.86266,1.69,3.19
2013.07.15 23:09:57.069,0.86227,0.86266,1.69,1.69
2013.07.15 23:09:57.429,0.86224,0.86263,1.69,1.69
2013.07.15 23:09:58.672,0.86221,0.86263,1.69,1.69
2013.07.15 23:09:59.149,0.86226,0.86268,1.69,1.69
2013.07.15 23:09:59.726,0.86226,0.86268,1.69,1.69
2013.07.15 23:10:01.093,0.86226,0.86268,1.69,1.69
2013.07.15 23:10:04.630,0.8623,0.8627,1.69,1.69
2013.07.15 23:10:07.339,0.86227,0.86268,1.69,1.69
2013.07.15 23:10:07.399,0.86227,0.86267,1.69,1.50
2013.07.15 23:10:07.579,0.86224,0.86266,1.69,1.69
2013.07.15 23:10:08.139,0.86223,0.86266,1.69,1.69
2013.07.15 23:10:08.469,0.86219,0.86266,1.69,1.69
2013.07.15 23:10:09.089,0.86222,0.86266,1.69,1.69
2013.07.15 23:10:09.755,0.86222,0.86266,1.69,1.69
2013.07.15 23:10:10.409,0.86222,0.86266,1.69,1.69
2013.07.15 23:10:12.480,0.86222,0.86267,1.50,2.44
2013.07.15 23:10:15.919,0.86216,0.86267,3.19,2.44
2013.07.15 23:10:16.159,0.86217,0.86265,1.69,2.44
2013.07.15 23:10:16.920,0.86217,0.86264,1.69,1.69
2013.07.15 23:10:17.099,0.86217,0.86264,2.44,1.69
2013.07.15 23:10:18.458,0.86217,0.86261,1.69,1.69
2013.07.15 23:10:19.669,0.86216,0.86258,1.69,1.69
2013.07.15 23:10:19.729,0.86216,0.86258,3.19,1.69
2013.07.15 23:10:20.309,0.86213,0.86258,2.44,2.44
2013.07.15 23:10:23.029,0.86215,0.86255,1.69,1.69
2013.07.15 23:10:23.759,0.86213,0.86253,2.44,1.69
2013.07.15 23:10:23.879,0.86211,0.8625,1.69,1.69
2013.07.15 23:10:23.939,0.86212,0.8625,1.69,1.69
2013.07.15 23:10:26.659,0.86211,0.86251,1.69,1.69
2013.07.15 23:10:27.199,0.86216,0.86251,1.50,1.69
2013.07.15 23:10:27.259,0.86217,0.86255,1.69,1.69
2013.07.15 23:10:36.339,0.86217,0.86255,2.44,1.69
2013.07.15 23:10:38.102,0.86221,0.86254,1.50,1.69
2013.07.15 23:10:51.359,0.8622,0.86251,1.69,1.50
2013.07.15 23:11:09.122,0.86216,0.86249,1.69,1.69
2013.07.15 23:11:09.422,0.86216,0.86249,1.69,1.69
2013.07.15 23:11:12.120,0.86213,0.86246,2.44,1.50
2013.07.15 23:11:12.480,0.86213,0.86246,2.44,1.50
2013.07.15 23:11:14.190,0.86213,0.86246,1.69,1.50
2013.07.15 23:11:16.162,0.86213,0.86246,1.69,1.50
2013.07.15 23:11:27.410,0.86217,0.86246,1.50,1.50
2013.07.15 23:11:27.470,0.86221,0.86251,1.69,1.50
2013.07.15 23:11:27.529,0.86224,0.86251,1.69,1.50
2013.07.15 23:11:27.710,0.86224,0.86254,2.44,1.50
2013.07.15 23:11:27.769,0.86226,0.86255,1.69,1.50
2013.07.15 23:11:28.140,0.86226,0.86259,2.44,1.50
2013.07.15 23:11:28.461,0.8623,0.86261,1.50,1.50
2013.07.15 23:11:28.600,0.8623,0.86262,1.50,1.50
2013.07.15 23:11:31.231,0.8623,0.86262,1.50,1.50
2013.07.15 23:11:36.160,0.8623,0.86262,2.44,1.50
2013.07.15 23:11:36.660,0.86229,0.86261,1.50,1.69
2013.07.15 23:11:36.720,0.86227,0.86258,1.50,2.44
2013.07.15 23:11:37.079,0.86223,0.86255,1.50,2.44
2013.07.15 23:11:37.219,0.8622,0.86253,1.50,1.69
2013.07.15 23:11:37.279,0.86217,0.86252,1.50,1.69
2013.07.15 23:11:37.340,0.86216,0.8625,1.50,1.69
2013.07.15 23:11:37.400,0.86216,0.8625,1.50,1.69
2013.07.15 23:11:37.519,0.86212,0.86247,2.44,1.50
2013.07.15 23:11:37.639,0.86213,0.86247,1.69,1.50
2013.07.15 23:11:37.699,0.86216,0.86249,1.69,1.50
2013.07.15 23:11:38.661,0.86216,0.86249,1.69,1.50
2013.07.15 23:11:39.159,0.86216,0.86249,1.50,1.69
2013.07.15 23:11:39.580,0.86211,0.86249,1.69,1.69
2013.07.15 23:11:39.639,0.86211,0.86244,1.69,1.50
2013.07.15 23:11:40.599,0.86212,0.86247,1.50,1.50
2013.07.15 23:11:40.660,0.86214,0.86247,1.50,1.50
2013.07.15 23:11:44.581,0.86211,0.86247,1.69,1.50
2013.07.15 23:11:45.146,0.86211,0.86244,1.69,1.50
2013.07.15 23:11:47.461,0.86211,0.86244,2.44,1.50
2013.07.15 23:11:47.639,0.86209,0.86243,2.44,2.25
2013.07.15 23:11:47.699,0.86209,0.86241,1.50,1.50
2013.07.15 23:11:47.819,0.86209,0.86241,1.50,2.44
2013.07.15 23:11:47.999,0.86205,0.86238,1.50,1.69
2013.07.15 23:11:48.833,0.86207,0.86238,1.50,1.69
2013.07.15 23:11:49.069,0.86205,0.86238,1.50,2.25
2013.07.15 23:11:49.311,0.86202,0.86238,1.69,3.00
2013.07.15 23:11:49.649,0.862,0.86233,1.50,1.50
2013.07.15 23:11:49.890,0.86202,0.86235,1.50,1.50
2013.07.15 23:11:50.280,0.86201,0.86235,1.50,1.50
2013.07.15 23:11:50.640,0.86198,0.86231,1.69,1.50
2013.07.15 23:11:50.980,0.86196,0.86231,3.19,1.50
2013.07.15 23:11:51.520,0.86196,0.86229,1.50,1.69
2013.07.15 23:11:52.250,0.86194,0.86228,1.69,1.50
2013.07.15 23:11:52.310,0.86192,0.86227,3.19,1.50
2013.07.15 23:11:52.791,0.86196,0.86229,1.50,2.25
2013.07.15 23:11:52.850,0.86193,0.86226,1.50,1.50
2013.07.15 23:11:52.962,0.86193,0.86226,2.25,1.50
2013.07.15 23:11:53.229,0.86196,0.86229,1.50,1.50
2013.07.15 23:11:54.610,0.86195,0.86228,1.50,1.50
2013.07.15 23:11:54.850,0.86192,0.86224,2.44,1.50
2013.07.15 23:11:57.460,0.86192,0.86224,1.50,1.69
2013.07.15 23:11:58.005,0.86188,0.86219,1.50,1.50
2013.07.15 23:11:59.600,0.86189,0.86219,3.00,1.69
2013.07.15 23:11:59.720,0.86191,0.86223,2.25,1.69
2013.07.15 23:12:00.200,0.86192,0.86223,1.50,1.69
2013.07.15 23:12:00.740,0.8619,0.8622,1.50,1.69
2013.07.15 23:12:23.400,0.86192,0.86224,1.50,1.69
2013.07.15 23:12:23.460,0.86195,0.86228,1.50,1.69
2013.07.15 23:12:23.940,0.86198,0.8623,1.50,1.50
2013.07.15 23:12:28.900,0.86202,0.86233,2.25,1.69
2013.07.15 23:12:29.140,0.86199,0.8623,1.50,1.69
2013.07.15 23:12:39.102,0.86201,0.86235,1.50,1.69
2013.07.15 23:12:39.580,0.86205,0.86237,2.25,1.69
2013.07.15 23:12:39.640,0.86205,0.86237,2.44,1.50
2013.07.15 23:12:39.880,0.86209,0.86241,1.69,2.25
2013.07.15 23:12:41.140,0.86214,0.86246,2.25,2.25
2013.07.15 23:12:41.441,0.86218,0.86248,1.50,1.69
2013.07.15 23:12:41.500,0.86218,0.86249,1.50,1.69
2013.07.15 23:12:42.132,0.86219,0.86252,2.44,1.50
2013.07.15 23:12:42.200,0.86222,0.86256,1.50,1.69
2013.07.15 23:12:42.782,0.86222,0.86256,1.50,1.69
2013.07.15 23:12:47.967,0.86222,0.86256,1.50,1.69
2013.07.15 23:12:51.420,0.86222,0.86256,2.44,1.50
2013.07.15 23:12:51.721,0.86227,0.86258,1.50,1.69
2013.07.15 23:12:53.801,0.86227,0.86258,1.50,1.69
2013.07.15 23:12:54.302,0.86227,0.86258,1.69,1.50
2013.07.15 23:12:54.840,0.86229,0.86262,2.44,1.69
2013.07.15 23:12:54.900,0.86231,0.86263,2.44,1.69
2013.07.15 23:12:55.080,0.86229,0.86261,1.69,1.50
2013.07.15 23:12:55.615,0.86229,0.86261,2.44,1.50
2013.07.15 23:13:04.320,0.8623,0.86263,1.69,1.69
2013.07.15 23:13:04.380,0.8623,0.86263,2.44,1.69
2013.07.15 23:13:10.451,0.86233,0.86263,1.50,1.50
2013.07.15 23:13:10.631,0.86235,0.86263,2.44,1.50
2013.07.15 23:13:10.871,0.86239,0.8627,1.69,1.50
2013.07.15 23:13:10.931,0.86239,0.86271,1.69,1.50
2013.07.15 23:13:11.320,0.86241,0.86274,1.69,1.69
2013.07.15 23:13:11.560,0.86244,0.86276,1.50,2.44
2013.07.15 23:13:11.870,0.86239,0.86272,1.69,1.50
2013.07.15 23:13:12.350,0.86241,0.86274,1.69,1.69
2013.07.15 23:13:12.941,0.86241,0.86274,1.50,1.69
2013.07.15 23:13:13.671,0.86241,0.86272,1.50,1.69
2013.07.15 23:13:13.790,0.86236,0.86269,1.50,1.50
2013.07.15 23:13:15.100,0.86236,0.86268,2.25,1.69
2013.07.15 23:13:16.762,0.86238,0.86271,1.50,1.69
2013.07.15 23:13:17.554,0.8624,0.86272,1.50,1.69
2013.07.15 23:13:18.100,0.8624,0.86273,1.69,1.50
2013.07.15 23:13:23.390,0.86242,0.86277,1.50,2.44
2013.07.15 23:13:23.720,0.86244,0.86277,1.50,2.44
2013.07.15 23:13:24.080,0.86244,0.86277,1.69,1.50
2013.07.15 23:13:26.900,0.86244,0.86277,1.69,1.69
2013.07.15 23:13:27.140,0.86242,0.86271,1.69,1.50
2013.07.15 23:13:27.380,0.86239,0.86272,1.69,1.50
2013.07.15 23:13:31.310,0.86236,0.86269,1.50,1.50
2013.07.15 23:13:31.551,0.86232,0.86267,1.50,1.69
2013.07.15 23:13:31.731,0.86233,0.86267,1.50,1.69
2013.07.15 23:13:31.970,0.86228,0.86262,2.44,1.50
2013.07.15 23:13:32.150,0.86228,0.86262,1.69,1.69
2013.07.15 23:13:32.390,0.86231,0.86265,1.50,2.44
2013.07.15 23:13:32.720,0.86231,0.86265,1.50,2.44
2013.07.15 23:13:33.280,0.8623,0.86263,1.69,1.50
2013.07.15 23:13:33.551,0.8623,0.86262,1.69,1.50
2013.07.15 23:13:33.830,0.86233,0.86264,1.69,1.50
2013.07.15 23:13:40.950,0.86232,0.86264,1.50,1.50
2013.07.15 23:13:41.130,0.86228,0.86262,1.50,1.69
2013.07.15 23:13:41.310,0.86225,0.86258,2.44,1.50
2013.07.15 23:13:57.170,0.86227,0.86263,1.69,1.69
2013.07.15 23:13:57.230,0.8623,0.86263,1.50,1.69
2013.07.15 23:13:58.697,0.8623,0.86263,1.50,1.50
2013.07.15 23:14:04.512,0.8623,0.86263,1.69,1.69
2013.07.15 23:14:06.679,0.8623,0.86265,1.69,1.69
2013.07.15 23:14:07.253,0.86232,0.86266,1.50,1.69
2013.07.15 23:14:07.720,0.86229,0.86262,1.69,1.69
2013.07.15 23:14:08.670,0.86229,0.86262,1.50,2.44
2013.07.15 23:14:12.170,0.86229,0.86262,1.69,1.69
2013.07.15 23:14:12.230,0.8623,0.86262,1.50,1.69
2013.07.15 23:14:20.700,0.8623,0.86262,1.50,1.69
2013.07.15 23:14:23.242,0.8623,0.86262,1.50,1.50
2013.07.15 23:14:23.669,0.86229,0.86262,1.69,2.44
2013.07.15 23:14:27.500,0.8623,0.86262,1.50,2.44
2013.07.15 23:14:30.310,0.8623,0.86261,1.50,1.69
2013.07.15 23:14:33.361,0.86229,0.8626,1.50,1.50
2013.07.15 23:14:34.513,0.86227,0.86258,1.69,2.25
2013.07.15 23:14:45.130,0.86226,0.86258,1.50,2.44
2013.07.15 23:14:45.190,0.86223,0.86256,1.50,2.44
2013.07.15 23:14:45.751,0.86222,0.86253,1.50,1.50
2013.07.15 23:14:50.782,0.8622,0.86252,1.50,1.50
2013.07.15 23:14:59.460,0.86218,0.86251,1.69,1.69
2013.07.15 23:14:59.972,0.86218,0.86251,1.69,2.44
2013.07.15 23:15:01.730,0.86218,0.86251,1.50,3.19
2013.07.15 23:15:08.210,0.86218,0.86251,1.50,2.44
2013.07.15 23:15:08.330,0.86215,0.86247,1.50,1.50
2013.07.15 23:15:11.670,0.86217,0.86249,1.50,1.69
2013.07.15 23:15:17.120,0.86214,0.86248,1.69,2.25
2013.07.15 23:15:17.840,0.86217,0.86249,1.50,1.69
2013.07.15 23:15:18.840,0.86217,0.86249,1.50,2.44
2013.07.15 23:15:20.142,0.86217,0.86249,1.50,1.69
2013.07.15 23:15:23.231,0.86217,0.86249,1.50,1.69
2013.07.15 23:15:31.601,0.86217,0.86248,1.50,1.69
2013.07.15 23:15:37.072,0.86217,0.86249,1.50,1.50
2013.07.15 23:15:37.350,0.86217,0.86248,1.50,1.13
2013.07.15 23:15:38.002,0.86216,0.86246,1.69,1.13
2013.07.15 23:15:39.433,0.86216,0.86247,1.50,1.69
2013.07.15 23:15:40.229,0.86215,0.86248,1.69,1.69
2013.07.15 23:15:41.490,0.86217,0.86248,1.32,1.69
2013.07.15 23:15:47.741,0.86215,0.86248,2.44,1.88
2013.07.15 23:15:48.280,0.86218,0.86251,1.32,2.44
2013.07.15 23:15:48.340,0.86218,0.86251,1.32,2.44
2013.07.15 23:15:49.232,0.86217,0.86251,2.44,1.69
2013.07.15 23:15:51.672,0.86217,0.86251,1.50,1.50
2013.07.15 23:15:51.792,0.86214,0.86248,1.69,1.50
2013.07.15 23:15:53.770,0.86215,0.86248,1.69,1.50
2013.07.15 23:15:53.831,0.86217,0.86248,1.32,1.50
2013.07.15 23:15:54.196,0.86219,0.86251,1.50,1.50
2013.07.15 23:16:10.910,0.86219,0.8625,1.88,1.69
2013.07.15 23:16:11.211,0.86219,0.86251,1.50,1.50
2013.07.15 23:16:11.331,0.86218,0.86251,1.69,1.50
2013.07.15 23:16:12.230,0.8622,0.86248,1.13,1.50
2013.07.15 23:16:12.550,0.8622,0.8625,1.13,1.50
2013.07.15 23:16:20.200,0.8622,0.8625,1.13,1.50
2013.07.15 23:16:20.771,0.8622,0.8625,1.13,1.50
2013.07.15 23:16:28.941,0.8622,0.8625,1.13,1.50
2013.07.15 23:16:29.210,0.8622,0.86246,1.13,1.50
2013.07.15 23:16:29.700,0.8622,0.86244,1.13,1.50
2013.07.15 23:16:49.680,0.86219,0.86244,1.13,1.50
2013.07.15 23:17:10.679,0.86219,0.86244,1.13,1.50
2013.07.15 23:17:13.841,0.86214,0.86245,2.82,1.50
2013.07.15 23:17:15.630,0.86218,0.86249,1.13,1.50
2013.07.15 23:17:17.120,0.86218,0.86249,1.13,1.50
2013.07.15 23:17:17.361,0.8622,0.86249,1.13,1.50
2013.07.15 23:17:21.180,0.8622,0.86249,1.13,1.50
2013.07.15 23:17:21.480,0.86217,0.86249,1.69,1.50
2013.07.15 23:17:26.690,0.86221,0.86251,1.13,1.50
2013.07.15 23:17:26.750,0.86221,0.86252,1.13,1.50
2013.07.15 23:17:54.834,0.86221,0.86252,1.13,1.69
2013.07.15 23:17:58.781,0.86222,0.86252,1.13,1.69
2013.07.15 23:18:07.460,0.86222,0.86252,1.13,1.50
2013.07.15 23:18:07.700,0.86222,0.86254,2.63,1.50
2013.07.15 23:18:10.210,0.86222,0.86254,2.63,1.50
2013.07.15 23:18:17.911,0.86222,0.86254,2.44,1.50
2013.07.15 23:18:18.594,0.86222,0.86254,2.25,1.50
2013.07.15 23:18:19.362,0.86222,0.86254,1.69,1.50
2013.07.15 23:18:23.980,0.86227,0.86251,1.13,1.50
2013.07.15 23:18:24.160,0.86227,0.86256,1.13,1.50
2013.07.15 23:18:34.652,0.86227,0.86256,1.13,1.69
2013.07.15 23:18:35.012,0.86236,0.86259,1.13,1.50
2013.07.15 23:18:35.070,0.86236,0.86259,1.13,1.50
2013.07.15 23:18:35.710,0.86236,0.86262,1.13,1.50
2013.07.15 23:18:42.221,0.86236,0.86267,1.13,1.50
2013.07.15 23:18:42.520,0.86236,0.86268,2.63,1.69
2013.07.15 23:18:42.960,0.86236,0.86268,1.88,1.69
2013.07.15 23:19:02.755,0.86236,0.86267,1.13,1.50
2013.07.15 23:19:08.932,0.86236,0.86267,1.13,1.69
2013.07.15 23:19:23.990,0.86236,0.86263,1.13,1.50
2013.07.15 23:19:24.518,0.86236,0.86263,1.13,1.50
2013.07.15 23:19:43.182,0.86236,0.86263,1.13,1.50
2013.07.15 23:19:44.891,0.86236,0.86265,1.13,1.50
2013.07.15 23:19:45.264,0.8624,0.86266,1.69,1.50
2013.07.15 23:19:45.560,0.86241,0.8627,1.32,1.50
2013.07.15 23:19:47.654,0.86241,0.8627,1.32,1.50
2013.07.15 23:20:02.211,0.86242,0.8627,1.32,1.50
2013.07.15 23:20:11.672,0.86242,0.8627,1.32,1.50
2013.07.15 23:20:41.671,0.86242,0.86269,1.13,1.50
2013.07.15 23:20:48.011,0.86242,0.86269,1.13,1.50
2013.07.15 23:20:53.361,0.86238,0.86268,1.32,1.50
2013.07.15 23:20:53.862,0.86237,0.86268,1.32,2.25
2013.07.15 23:21:02.051,0.86234,0.86265,1.32,1.50
2013.07.15 23:21:07.121,0.86234,0.86265,1.32,2.25
2013.07.15 23:21:08.051,0.86234,0.86265,1.32,1.50
2013.07.15 23:21:10.572,0.86236,0.86265,1.13,1.50
2013.07.15 23:21:12.141,0.86236,0.86265,1.13,2.25
2013.07.15 23:21:12.461,0.86236,0.86259,1.13,1.50
2013.07.15 23:21:14.411,0.86234,0.86259,1.32,1.50
2013.07.15 23:21:15.952,0.86236,0.86259,1.13,1.50
2013.07.15 23:21:16.131,0.86232,0.86259,1.32,1.50
2013.07.15 23:21:16.191,0.86232,0.86259,1.32,1.50
2013.07.15 23:21:16.491,0.86236,0.86259,1.13,1.50
2013.07.15 23:21:18.551,0.86231,0.86259,1.69,1.50
2013.07.15 23:21:21.163,0.86239,0.86259,1.50,1.50
2013.07.15 23:21:21.341,0.86238,0.8627,2.25,3.94
2013.07.15 23:21:21.461,0.86238,0.8627,1.50,3.19
2013.07.15 23:21:21.581,0.8623,0.86263,2.44,1.50
2013.07.15 23:21:21.641,0.86236,0.86265,2.25,1.69
2013.07.15 23:21:21.761,0.86236,0.86265,1.50,2.44
2013.07.15 23:21:21.951,0.86235,0.86265,1.50,2.44
2013.07.15 23:21:22.340,0.8623,0.86258,1.69,1.50
2013.07.15 23:21:26.853,0.86227,0.86258,1.69,1.50
2013.07.15 23:21:27.091,0.8624,0.86268,1.13,1.50
2013.07.15 23:21:27.151,0.8624,0.86267,1.13,1.50
2013.07.15 23:21:27.331,0.86231,0.86263,1.69,1.50
2013.07.15 23:21:27.511,0.86233,0.86266,2.44,2.25
2013.07.15 23:21:27.631,0.86233,0.86264,2.25,1.69
2013.07.15 23:21:28.181,0.86233,0.86266,2.44,2.44
2013.07.15 23:21:28.362,0.86239,0.86264,1.13,1.50
2013.07.15 23:21:28.423,0.86239,0.86262,1.13,1.50
2013.07.15 23:21:28.482,0.86231,0.86262,2.07,1.50
2013.07.15 23:21:29.021,0.86231,0.86263,1.13,1.69
2013.07.15 23:21:29.081,0.86231,0.86262,1.13,1.69
2013.07.15 23:21:29.481,0.86239,0.86263,1.13,2.44
2013.07.15 23:21:30.021,0.86239,0.86266,1.13,1.50
2013.07.15 23:21:30.537,0.86239,0.86262,1.13,1.50
2013.07.15 23:21:31.381,0.86239,0.86263,1.13,1.50
2013.07.15 23:21:31.561,0.86236,0.86262,1.13,1.50
2013.07.15 23:21:31.741,0.86239,0.86262,1.13,1.50
2013.07.15 23:21:32.041,0.86245,0.86269,1.13,1.50
2013.07.15 23:21:32.161,0.86248,0.86272,1.13,1.50
2013.07.15 23:21:32.221,0.86246,0.86272,1.32,1.50
2013.07.15 23:21:32.281,0.86246,0.86272,1.32,1.50
2013.07.15 23:21:32.462,0.86248,0.86274,1.13,1.50
2013.07.15 23:21:32.853,0.86251,0.86274,1.13,1.50
2013.07.15 23:21:33.031,0.86266,0.86286,1.13,1.50
2013.07.15 23:21:33.211,0.86257,0.86286,1.88,1.50
2013.07.15 23:21:33.820,0.86257,0.86286,2.07,1.50
2013.07.15 23:21:35.001,0.86257,0.86286,1.32,1.50
2013.07.15 23:21:36.661,0.86257,0.86286,1.32,1.50
2013.07.15 23:21:37.401,0.86257,0.86286,1.32,1.50
2013.07.15 23:21:37.901,0.86257,0.8629,2.82,1.50
2013.07.15 23:21:38.352,0.86259,0.86291,1.69,1.50
2013.07.15 23:21:38.622,0.86258,0.86291,1.69,1.50
2013.07.15 23:21:40.112,0.86257,0.86288,1.32,1.50
2013.07.15 23:21:40.425,0.86259,0.86288,1.69,1.50
2013.07.15 23:21:40.483,0.86259,0.8629,1.69,1.50
2013.07.15 23:21:50.611,0.86263,0.86294,1.69,1.50
2013.07.15 23:21:56.501,0.86262,0.86294,1.69,1.50
2013.07.15 23:22:00.101,0.86262,0.86294,2.44,1.50
2013.07.15 23:22:00.161,0.86262,0.8629,1.69,1.50
2013.07.15 23:22:01.331,0.8626,0.86292,2.07,1.50
2013.07.15 23:22:02.641,0.8626,0.86292,2.07,1.50
2013.07.15 23:22:02.701,0.86262,0.86293,1.69,1.50
2013.07.15 23:22:03.433,0.86262,0.86294,1.69,1.50
2013.07.15 23:22:03.592,0.86262,0.86294,1.69,1.50
2013.07.15 23:22:03.954,0.8626,0.86292,1.32,1.50
2013.07.15 23:22:04.311,0.86257,0.86289,1.69,1.88
2013.07.15 23:22:05.513,0.86257,0.86289,1.69,1.50
2013.07.15 23:22:06.026,0.86257,0.86289,1.69,1.50
2013.07.15 23:22:06.202,0.86257,0.86289,1.69,1.50
2013.07.15 23:22:07.691,0.86257,0.86289,1.69,1.50
2013.07.15 23:22:07.751,0.86257,0.86289,1.69,1.50
2013.07.15 23:22:12.641,0.8626,0.86285,1.13,1.50
2013.07.15 23:22:12.821,0.8626,0.86285,1.13,1.50
2013.07.15 23:22:13.121,0.86265,0.86288,1.13,1.50
2013.07.15 23:22:13.511,0.86265,0.86291,1.13,1.50
2013.07.15 23:22:13.691,0.86265,0.86291,1.13,1.50
2013.07.15 23:22:18.172,0.86266,0.86291,1.69,1.50
2013.07.15 23:22:18.291,0.86264,0.86291,1.69,1.50
2013.07.15 23:22:19.172,0.86263,0.86294,1.32,1.50
2013.07.15 23:22:19.691,0.86264,0.86294,1.69,1.50
2013.07.15 23:22:21.211,0.86265,0.86294,1.69,1.50
2013.07.15 23:22:23.252,0.86258,0.8629,1.32,1.69
2013.07.15 23:22:23.371,0.86258,0.86287,1.32,1.50
2013.07.15 23:22:25.921,0.86258,0.86284,1.32,1.50
2013.07.15 23:22:27.552,0.86258,0.86284,1.32,1.50
2013.07.15 23:22:27.732,0.86258,0.86289,2.07,1.50
2013.07.15 23:22:28.051,0.8626,0.86293,1.69,1.50
2013.07.15 23:22:28.171,0.8626,0.86294,1.69,1.69
2013.07.15 23:22:29.753,0.8626,0.86294,2.44,1.50
2013.07.15 23:22:29.871,0.8626,0.86294,1.69,1.50
2013.07.15 23:22:29.931,0.8626,0.86294,1.69,1.50
2013.07.15 23:22:29.991,0.86262,0.86292,1.69,1.50
2013.07.15 23:22:30.051,0.86262,0.86292,1.69,1.50
2013.07.15 23:22:34.161,0.86262,0.86292,1.69,1.50
2013.07.15 23:22:34.401,0.86262,0.86292,1.69,1.50
2013.07.15 23:22:35.142,0.86262,0.8629,1.69,1.50
2013.07.15 23:22:39.001,0.8626,0.86293,1.69,2.25
2013.07.15 23:22:42.761,0.86262,0.86293,1.69,1.50
2013.07.15 23:22:43.121,0.86262,0.86291,1.69,1.50
2013.07.15 23:22:43.879,0.8626,0.86288,1.69,1.50
2013.07.15 23:22:44.941,0.8626,0.86288,1.69,1.50
2013.07.15 23:22:54.661,0.86256,0.86288,1.69,1.50
2013.07.15 23:22:58.282,0.86256,0.86284,1.88,1.50
2013.07.15 23:22:58.582,0.86256,0.86282,1.13,1.50
2013.07.15 23:22:59.177,0.86256,0.8628,1.13,1.50
2013.07.15 23:22:59.681,0.86253,0.86278,1.13,2.25
2013.07.15 23:23:00.043,0.86253,0.86278,1.32,1.50
2013.07.15 23:23:00.161,0.86253,0.86284,1.32,1.50
2013.07.15 23:23:06.810,0.86254,0.86287,2.44,1.50
2013.07.15 23:23:19.911,0.86254,0.86287,2.44,1.50
2013.07.15 23:23:21.561,0.86254,0.86287,2.44,1.50
2013.07.15 23:23:22.223,0.86254,0.86287,1.69,1.50
2013.07.15 23:23:22.402,0.86253,0.86282,1.32,1.50
2013.07.15 23:23:24.003,0.86253,0.86282,1.32,1.50
2013.07.15 23:23:24.241,0.86253,0.86282,1.32,1.50
2013.07.15 23:23:30.292,0.86252,0.86282,1.13,1.50
2013.07.15 23:23:30.491,0.86248,0.86279,1.32,1.50
2013.07.15 23:23:38.992,0.86252,0.86279,1.69,1.50
2013.07.15 23:23:40.292,0.86251,0.86279,1.69,1.50
2013.07.15 23:23:45.051,0.86248,0.86279,1.32,1.50
2013.07.15 23:23:50.701,0.86249,0.8628,1.69,1.50
2013.07.15 23:23:55.591,0.86251,0.86283,1.50,1.32
2013.07.15 23:23:56.101,0.86251,0.86283,1.50,1.32
2013.07.15 23:24:00.049,0.86251,0.86283,1.69,1.32
2013.07.15 23:24:02.541,0.86251,0.86284,1.69,1.50
2013.07.15 23:24:05.021,0.8625,0.86284,2.44,1.50
2013.07.15 23:24:10.231,0.86253,0.86282,1.69,1.50
2013.07.15 23:24:10.785,0.86253,0.86284,1.69,1.50
2013.07.15 23:24:12.448,0.86252,0.86282,1.69,1.50
2013.07.15 23:24:12.751,0.86251,0.8628,1.69,1.50
2013.07.15 23:24:12.941,0.86251,0.86284,2.44,1.50
2013.07.15 23:24:18.671,0.86251,0.86283,1.88,1.50
2013.07.15 23:24:19.271,0.86251,0.86284,2.07,1.50
2013.07.15 23:24:24.661,0.86253,0.86284,1.32,1.50
2013.07.15 23:24:26.682,0.8625,0.86284,1.88,2.63
2013.07.15 23:24:26.861,0.8625,0.86283,1.88,1.69
2013.07.15 23:24:27.198,0.8625,0.86279,1.13,1.50
2013.07.15 23:24:32.381,0.86247,0.86278,1.50,1.13
2013.07.15 23:24:32.563,0.86242,0.86274,1.69,1.13
2013.07.15 23:24:32.882,0.86242,0.86273,2.25,1.69
2013.07.15 23:24:33.242,0.86239,0.86272,2.44,2.44
2013.07.15 23:24:39.872,0.8624,0.86271,1.69,1.50
2013.07.15 23:24:40.330,0.86235,0.86267,1.50,2.25
2013.07.15 23:24:40.723,0.86235,0.86267,2.25,1.50
2013.07.15 23:24:41.993,0.86235,0.86267,1.50,1.69
2013.07.15 23:24:53.301,0.86236,0.86266,1.88,1.50
2013.07.15 23:24:53.842,0.86232,0.86264,1.13,1.69
2013.07.15 23:24:54.141,0.86227,0.86259,1.69,1.50
2013.07.15 23:24:55.934,0.86227,0.86259,1.50,1.50
2013.07.15 23:25:00.961,0.86227,0.86258,1.50,1.69
2013.07.15 23:25:01.446,0.86224,0.86256,1.69,1.50
2013.07.15 23:25:02.114,0.86225,0.86257,2.25,1.50
2013.07.15 23:25:02.952,0.86225,0.86257,1.50,1.50
2013.07.15 23:25:03.481,0.86222,0.86256,1.69,1.50
2013.07.15 23:25:08.211,0.86221,0.86255,3.19,1.50
2013.07.15 23:25:08.271,0.86221,0.86254,2.44,1.50
2013.07.15 23:25:08.331,0.8622,0.86252,1.50,1.50
2013.07.15 23:25:08.391,0.8622,0.8625,1.50,1.13
2013.07.15 23:25:08.631,0.86222,0.86247,1.13,1.50
2013.07.15 23:25:08.811,0.86222,0.8625,1.13,1.69
2013.07.15 23:25:08.872,0.86216,0.86249,2.07,1.69
2013.07.15 23:25:08.931,0.86216,0.86243,1.69,1.13
2013.07.15 23:25:09.171,0.86216,0.86249,2.44,1.32
2013.07.15 23:25:09.351,0.86219,0.86243,1.69,1.13
2013.07.15 23:25:09.651,0.86218,0.86249,1.69,1.50
2013.07.15 23:25:09.831,0.86218,0.86251,3.19,1.50
2013.07.15 23:25:10.351,0.86222,0.86253,1.50,2.44
2013.07.15 23:25:12.361,0.86226,0.86253,1.50,2.25
2013.07.15 23:25:12.601,0.86226,0.86253,1.69,1.50
2013.07.15 23:25:12.721,0.86227,0.86253,1.13,1.50
2013.07.15 23:25:12.841,0.86231,0.86261,1.50,1.69
2013.07.15 23:25:13.021,0.86233,0.86261,1.50,1.69
2013.07.15 23:25:13.261,0.86232,0.86261,1.50,1.69
2013.07.15 23:25:13.481,0.86228,0.8626,1.13,1.69
2013.07.15 23:25:13.982,0.86227,0.86258,1.13,2.25
2013.07.15 23:25:15.141,0.86225,0.86257,1.32,1.50
2013.07.15 23:25:15.621,0.86224,0.86254,2.44,1.50
2013.07.15 23:25:15.681,0.86228,0.86261,3.00,2.44
2013.07.15 23:25:15.741,0.86228,0.86261,3.00,1.69
2013.07.15 23:25:15.921,0.86231,0.86263,2.25,2.25
2013.07.15 23:25:15.981,0.86231,0.86263,2.25,2.25
2013.07.15 23:25:16.371,0.86231,0.86263,1.50,2.25
2013.07.15 23:25:16.678,0.86227,0.86257,1.32,1.50
2013.07.15 23:25:17.211,0.86225,0.86257,1.69,1.50
2013.07.15 23:25:18.912,0.86227,0.86257,1.69,1.50
2013.07.15 23:25:20.082,0.86227,0.86257,1.69,1.50
2013.07.15 23:25:20.441,0.8624,0.86265,1.13,1.50
2013.07.15 23:25:20.501,0.8624,0.86267,1.13,1.50
2013.07.15 23:25:20.681,0.8624,0.86269,1.32,1.50
2013.07.15 23:25:22.751,0.86247,0.86273,1.13,1.50
2013.07.15 23:25:25.831,0.86249,0.86275,1.69,1.50
2013.07.15 23:25:26.311,0.86248,0.86279,1.69,1.50
2013.07.15 23:25:33.331,0.86259,0.86279,1.69,1.50
2013.07.15 23:25:33.451,0.86261,0.86284,1.32,1.50
2013.07.15 23:25:33.511,0.86259,0.86284,1.69,1.50
2013.07.15 23:25:38.584,0.86253,0.86283,1.69,1.50
2013.07.15 23:25:38.643,0.86246,0.86279,2.82,1.50
2013.07.15 23:25:39.181,0.86252,0.86279,1.69,1.50
2013.07.15 23:25:39.361,0.86252,0.86281,1.69,1.50
2013.07.15 23:25:39.922,0.86251,0.86281,1.69,1.50
2013.07.15 23:25:39.981,0.86251,0.86281,1.69,1.50
2013.07.15 23:25:43.513,0.86251,0.86281,1.69,1.50
2013.07.15 23:25:45.262,0.86252,0.8628,1.69,1.50
2013.07.15 23:25:45.321,0.86252,0.86277,1.69,1.50
2013.07.15 23:25:45.574,0.86252,0.86277,1.69,1.50
2013.07.15 23:25:46.131,0.86252,0.86277,1.69,1.50
2013.07.15 23:25:48.682,0.86252,0.86277,1.69,1.50
2013.07.15 23:25:59.751,0.86249,0.86276,1.69,1.50
2013.07.15 23:26:05.681,0.86246,0.86278,2.44,1.50
2013.07.15 23:26:17.511,0.86249,0.86278,1.69,1.50
2013.07.15 23:26:21.083,0.86246,0.86275,1.69,1.50
2013.07.15 23:26:21.323,0.86239,0.86273,1.69,2.25
2013.07.15 23:26:21.561,0.86238,0.86272,1.50,1.69
2013.07.15 23:26:21.742,0.86236,0.86269,2.44,1.69
2013.07.15 23:26:21.802,0.86236,0.86268,1.50,2.44
2013.07.15 23:26:22.135,0.8623,0.86261,1.69,1.50
2013.07.15 23:26:23.063,0.86228,0.86261,2.44,1.50
2013.07.15 23:26:24.621,0.86228,0.86261,3.19,1.50
2013.07.15 23:26:27.591,0.86231,0.86261,1.69,1.50
2013.07.15 23:26:28.712,0.86228,0.86261,2.44,1.50
2013.07.15 23:26:29.138,0.86228,0.86261,1.69,1.50
2013.07.15 23:26:29.502,0.86227,0.86259,1.69,1.50
2013.07.15 23:26:30.322,0.86227,0.86259,1.69,1.50
2013.07.15 23:26:32.381,0.86228,0.86259,1.69,1.50
2013.07.15 23:26:32.501,0.86232,0.86259,1.69,1.50
2013.07.15 23:26:33.362,0.86232,0.8626,1.69,1.50
2013.07.15 23:26:33.482,0.86233,0.86261,1.69,1.50
2013.07.15 23:26:33.944,0.8623,0.86261,2.44,1.50
2013.07.15 23:26:34.981,0.8623,0.86261,1.69,1.50
2013.07.15 23:26:36.344,0.86228,0.86259,1.69,1.50
2013.07.15 23:26:36.717,0.86227,0.86258,1.69,1.50
2013.07.15 23:26:36.772,0.86227,0.86258,1.69,1.50
2013.07.15 23:26:37.312,0.86227,0.86258,1.69,1.50
2013.07.15 23:26:38.502,0.86227,0.86252,1.69,1.50
2013.07.15 23:26:38.561,0.86225,0.86252,1.69,1.50
2013.07.15 23:26:42.643,0.86221,0.86252,1.69,1.50
2013.07.15 23:26:53.661,0.8622,0.86252,1.69,1.50
2013.07.15 23:26:58.742,0.8622,0.86251,1.69,1.50
2013.07.15 23:27:00.043,0.86221,0.86251,1.69,1.50
2013.07.15 23:27:04.151,0.86219,0.86251,2.44,1.50
2013.07.15 23:27:04.466,0.86219,0.8625,1.69,1.50
2013.07.15 23:27:06.282,0.86218,0.8625,1.69,1.50
2013.07.15 23:27:07.285,0.86218,0.8625,1.69,1.69
2013.07.15 23:27:07.760,0.86211,0.86244,1.69,1.69
2013.07.15 23:27:11.256,0.86211,0.86243,1.69,1.69
2013.07.15 23:27:11.815,0.8621,0.86241,1.69,1.50
2013.07.15 23:27:15.461,0.86213,0.86241,1.69,1.50
2013.07.15 23:27:15.522,0.86213,0.86245,3.19,1.69
2013.07.15 23:27:16.089,0.86214,0.86246,1.69,1.69
2013.07.15 23:27:16.571,0.86214,0.86246,1.69,1.69
2013.07.15 23:27:16.631,0.86214,0.86242,1.69,1.50
2013.07.15 23:27:19.290,0.86216,0.86246,1.50,1.69
2013.07.15 23:27:19.351,0.86217,0.86249,1.50,1.69
2013.07.15 23:27:19.411,0.86218,0.86249,1.50,1.69
2013.07.15 23:27:19.591,0.86218,0.86251,1.69,2.44
2013.07.15 23:27:19.651,0.86217,0.86251,1.69,2.44
2013.07.15 23:27:19.901,0.86216,0.86249,1.69,1.50
2013.07.15 23:27:21.063,0.86214,0.86247,1.69,1.69
2013.07.15 23:27:21.753,0.86214,0.86247,1.69,1.69
2013.07.15 23:27:21.931,0.86216,0.86247,1.69,1.50
2013.07.15 23:27:21.991,0.86214,0.86247,1.69,1.69
2013.07.15 23:27:22.351,0.86216,0.86249,1.50,1.69
2013.07.15 23:27:22.861,0.86214,0.86246,2.44,1.50
2013.07.15 23:27:26.176,0.86214,0.86246,3.19,1.50
2013.07.15 23:27:28.931,0.86216,0.86246,1.69,1.50
2013.07.15 23:27:28.991,0.86218,0.86246,1.50,1.50
2013.07.15 23:27:29.231,0.86215,0.86246,1.69,1.50
2013.07.15 23:27:29.375,0.86216,0.86249,2.44,1.69
2013.07.15 23:27:29.532,0.86216,0.86249,1.69,1.69
2013.07.15 23:27:32.312,0.86218,0.86247,1.50,1.50
2013.07.15 23:27:32.769,0.86218,0.86249,2.25,2.44
2013.07.15 23:27:34.541,0.86217,0.86249,1.69,1.69
2013.07.15 23:27:34.601,0.86219,0.86252,1.69,2.44
2013.07.15 23:27:35.122,0.86216,0.86248,1.69,1.50
2013.07.15 23:27:36.861,0.86216,0.86248,1.69,1.50
2013.07.15 23:27:37.972,0.86216,0.86248,1.69,1.50
2013.07.15 23:27:42.531,0.86215,0.86248,3.19,1.50
2013.07.15 23:27:42.833,0.86221,0.86252,1.69,1.50
2013.07.15 23:27:43.071,0.86221,0.86252,1.69,1.50
2013.07.15 23:27:47.552,0.86222,0.86253,2.44,2.25
2013.07.15 23:27:48.090,0.86222,0.86253,2.44,1.50
2013.07.15 23:27:54.602,0.86224,0.86254,1.69,1.50
2013.07.15 23:27:55.222,0.86226,0.86256,1.69,1.50
2013.07.15 23:27:55.281,0.86226,0.86257,1.69,1.50
2013.07.15 23:27:57.401,0.86228,0.8626,2.44,2.25
2013.07.15 23:27:57.791,0.86232,0.8626,1.69,1.50
2013.07.15 23:27:57.993,0.86232,0.8626,1.69,2.25
2013.07.15 23:27:58.231,0.86232,0.86264,1.69,2.25
2013.07.15 23:27:59.202,0.86234,0.86264,1.69,2.25
2013.07.15 23:28:00.562,0.86234,0.86264,1.69,1.50
2013.07.15 23:28:02.281,0.86237,0.86265,1.69,1.50
2013.07.15 23:28:02.870,0.86237,0.86266,1.69,1.50
2013.07.15 23:28:03.883,0.86237,0.86266,1.69,1.50
2013.07.15 23:28:08.033,0.86242,0.86267,1.69,1.50
2013.07.15 23:28:08.212,0.86242,0.86271,1.69,1.50
2013.07.15 23:28:08.332,0.86242,0.86272,1.69,1.50
2013.07.15 23:28:08.392,0.86242,0.86272,1.69,1.50
2013.07.15 23:28:08.752,0.86251,0.86275,3.38,1.50
2013.07.15 23:28:09.353,0.86261,0.86283,1.69,1.50
2013.07.15 23:28:09.473,0.86261,0.86284,1.69,1.50
2013.07.15 23:28:09.991,0.86261,0.86287,1.69,1.50
2013.07.15 23:28:10.402,0.86253,0.86287,1.69,1.50
2013.07.15 23:28:10.462,0.86251,0.86283,1.69,2.25
2013.07.15 23:28:11.721,0.8625,0.86283,2.44,1.50
2013.07.15 23:28:11.782,0.86254,0.86284,1.50,1.50
2013.07.15 23:28:12.322,0.86258,0.86286,1.69,1.50
2013.07.15 23:28:12.382,0.86258,0.86288,1.69,1.50
2013.07.15 23:28:12.442,0.86258,0.86289,1.69,1.50
2013.07.15 23:28:16.353,0.86259,0.86289,1.69,1.50
2013.07.15 23:28:16.712,0.86261,0.86293,1.69,1.50
2013.07.15 23:28:18.432,0.86264,0.86293,1.69,1.50
2013.07.15 23:28:19.832,0.86262,0.86289,1.69,1.50
2013.07.15 23:28:20.074,0.8626,0.86287,1.50,2.25
2013.07.15 23:28:20.252,0.86249,0.86282,1.32,1.50
2013.07.15 23:28:20.312,0.86249,0.86282,1.32,1.50
2013.07.15 23:28:20.433,0.86255,0.86282,1.13,1.50
2013.07.15 23:28:20.892,0.86247,0.86281,1.69,1.69
2013.07.15 23:28:21.012,0.86246,0.86278,1.69,1.50
2013.07.15 23:28:21.251,0.86246,0.86278,1.13,3.19
2013.07.15 23:28:21.492,0.86245,0.86277,1.69,1.69
2013.07.15 23:28:21.851,0.86252,0.86278,1.50,1.69
2013.07.15 23:28:22.151,0.86246,0.86276,1.50,1.32
2013.07.15 23:28:22.491,0.86242,0.86273,1.69,1.50
2013.07.15 23:28:23.665,0.86241,0.86275,1.69,1.69
2013.07.15 23:28:28.252,0.86241,0.86274,1.50,1.69
2013.07.15 23:28:31.951,0.86241,0.86275,1.69,2.44
2013.07.15 23:28:37.152,0.86241,0.86275,1.69,1.50
2013.07.15 23:28:40.102,0.86242,0.86275,1.69,1.69
2013.07.15 23:28:41.621,0.86243,0.86275,1.69,1.69
2013.07.15 23:29:00.503,0.86243,0.86275,2.07,2.25
2013.07.15 23:29:00.682,0.86243,0.86275,1.69,2.25
2013.07.15 23:29:00.802,0.86243,0.86274,1.50,1.69
2013.07.15 23:29:00.922,0.86241,0.86274,1.50,2.44
2013.07.15 23:29:06.951,0.86241,0.86274,2.44,1.69
2013.07.15 23:29:07.312,0.86247,0.8628,2.25,1.50
2013.07.15 23:29:20.102,0.86252,0.8628,1.13,2.44
2013.07.15 23:29:22.871,0.86256,0.8628,1.13,1.50
2013.07.15 23:29:23.171,0.86256,0.86286,1.69,1.50
2013.07.15 23:29:25.232,0.86258,0.86286,1.32,1.50
2013.07.15 23:29:25.753,0.8626,0.86287,1.69,1.50
2013.07.15 23:29:25.994,0.86264,0.86291,1.13,1.50
2013.07.15 23:29:26.112,0.86264,0.86292,1.13,1.50
2013.07.15 23:29:28.502,0.86265,0.86292,1.69,1.50
2013.07.15 23:29:29.813,0.86265,0.86296,1.69,1.50
2013.07.15 23:29:29.872,0.86265,0.86296,1.69,1.50
2013.07.15 23:29:30.172,0.86265,0.86294,1.69,1.50
2013.07.15 23:29:30.412,0.86261,0.86292,1.69,1.50
2013.07.15 23:29:31.281,0.86257,0.86291,1.69,1.50
2013.07.15 23:29:31.641,0.86256,0.86285,1.69,1.50
2013.07.15 23:29:32.241,0.86256,0.86285,1.69,1.50
2013.07.15 23:29:32.481,0.86258,0.86288,1.69,1.50
2013.07.15 23:29:32.783,0.86263,0.86292,1.69,1.50
2013.07.15 23:29:32.842,0.86263,0.86294,1.69,1.50
2013.07.15 23:29:33.525,0.86266,0.86295,1.32,1.50
2013.07.15 23:29:34.811,0.86269,0.86295,1.13,1.50
2013.07.15 23:29:35.121,0.86266,0.86294,1.13,1.50
2013.07.15 23:29:36.171,0.86266,0.86295,1.69,1.50
2013.07.15 23:29:36.291,0.86266,0.86298,1.69,1.50
2013.07.15 23:29:40.422,0.86275,0.86298,1.13,1.50
2013.07.15 23:29:40.803,0.86275,0.86302,1.13,2.44
2013.07.15 23:29:41.591,0.86275,0.86302,1.13,1.69
2013.07.15 23:29:42.151,0.86272,0.86302,1.69,1.50
2013.07.15 23:29:42.502,0.86272,0.86298,1.69,1.50
2013.07.15 23:29:43.543,0.86271,0.8629,1.69,1.50
2013.07.15 23:29:43.602,0.86267,0.8629,1.50,1.50
2013.07.15 23:29:43.722,0.86266,0.86289,1.50,1.50
2013.07.15 23:29:43.901,0.86261,0.86287,1.50,1.13
2013.07.15 23:29:44.021,0.86256,0.86284,1.69,1.50
2013.07.15 23:29:44.491,0.86255,0.86286,1.69,1.50
2013.07.15 23:29:44.731,0.86252,0.86283,3.19,1.50
2013.07.15 23:29:44.792,0.86251,0.86281,1.88,1.69
2013.07.15 23:29:44.911,0.86247,0.8628,2.25,2.44
2013.07.15 23:29:44.971,0.86247,0.8628,1.50,2.44
2013.07.15 23:29:45.211,0.86247,0.8628,1.88,2.44
2013.07.15 23:29:46.025,0.86247,0.8628,2.07,2.44
2013.07.15 23:29:48.572,0.86247,0.8628,2.07,2.44
2013.07.15 23:29:48.931,0.86247,0.86275,1.50,1.69
2013.07.15 23:29:49.291,0.86244,0.86275,1.50,1.69
2013.07.15 23:29:49.471,0.86238,0.86269,1.50,1.69
2013.07.15 23:29:51.492,0.86235,0.86267,1.69,1.69
2013.07.15 23:29:53.042,0.86234,0.86266,1.50,1.69
2013.07.15 23:29:53.932,0.86234,0.86266,1.50,1.69
2013.07.15 23:29:53.991,0.86232,0.86265,1.69,2.44
2013.07.15 23:29:54.531,0.86232,0.86264,1.50,1.69
2013.07.15 23:29:57.651,0.86232,0.86262,1.50,1.69
2013.07.15 23:29:58.081,0.86228,0.86261,2.07,2.44
2013.07.15 23:29:59.133,0.86228,0.86261,2.07,2.44
2013.07.15 23:29:59.912,0.86223,0.86251,1.50,1.13
2013.07.15 23:30:00.411,0.86223,0.86251,1.50,1.13
2013.07.15 23:30:00.902,0.86221,0.86251,1.50,1.32
2013.07.15 23:30:00.962,0.86219,0.86251,1.69,1.32
2013.07.15 23:30:01.481,0.86218,0.86249,1.69,1.69
2013.07.15 23:30:02.001,0.86217,0.86244,1.50,1.13
2013.07.15 23:30:07.212,0.86218,0.86246,1.69,1.13
2013.07.15 23:30:08.931,0.86217,0.86246,1.50,1.13
2013.07.15 23:30:12.881,0.86213,0.8624,2.44,1.13
2013.07.15 23:30:19.035,0.86213,0.8624,1.69,1.13
2013.07.15 23:30:21.039,0.86213,0.8624,1.50,1.13
2013.07.15 23:30:21.161,0.86213,0.8624,1.50,1.13
2013.07.15 23:30:41.572,0.86213,0.86241,2.44,1.13
2013.07.15 23:30:41.931,0.86217,0.86241,1.50,1.13
2013.07.15 23:30:42.232,0.86216,0.86245,1.88,1.32
2013.07.15 23:30:48.071,0.86216,0.86245,2.07,1.13
2013.07.15 23:30:48.251,0.86216,0.86245,1.88,1.13
2013.07.15 23:30:49.323,0.86216,0.86245,1.88,1.13
2013.07.15 23:30:50.493,0.86213,0.86245,2.82,1.13
2013.07.15 23:30:50.791,0.86213,0.86241,1.69,1.13
2013.07.15 23:30:51.377,0.86213,0.86246,1.69,2.44
2013.07.15 23:30:51.832,0.86208,0.86237,2.44,1.13
2013.07.15 23:30:53.501,0.86208,0.86237,1.69,1.13
2013.07.15 23:30:53.562,0.86208,0.86237,1.69,1.13
2013.07.15 23:30:54.521,0.86208,0.86237,1.69,1.13
2013.07.15 23:30:58.076,0.86206,0.86236,2.44,1.50
2013.07.15 23:30:59.992,0.86206,0.86237,2.44,1.13
2013.07.15 23:31:02.321,0.86206,0.86237,2.44,1.13
2013.07.15 23:31:16.082,0.86206,0.86233,1.69,1.13
2013.07.15 23:31:18.741,0.86206,0.86233,1.69,1.13
2013.07.15 23:31:20.292,0.86208,0.86234,1.50,1.13
2013.07.15 23:31:20.355,0.86208,0.86234,2.44,1.13
2013.07.15 23:31:22.701,0.86209,0.8624,1.69,2.25
2013.07.15 23:31:23.182,0.86217,0.86244,1.69,1.50
2013.07.15 23:31:23.241,0.86217,0.86244,1.69,1.50
2013.07.15 23:31:23.361,0.86217,0.86249,1.69,2.25
2013.07.15 23:31:23.791,0.86221,0.8625,1.69,1.50
2013.07.15 23:31:26.371,0.86223,0.86255,2.44,1.50
2013.07.15 23:31:26.672,0.86226,0.86258,2.44,2.25
2013.07.15 23:31:26.731,0.86226,0.86257,2.44,1.50
2013.07.15 23:31:29.022,0.86226,0.86257,2.44,1.13
2013.07.15 23:31:29.502,0.86226,0.86258,1.69,2.25
2013.07.15 23:31:31.471,0.86226,0.86258,1.69,2.25
2013.07.15 23:31:32.112,0.86226,0.86257,1.69,1.50
2013.07.15 23:31:39.951,0.86225,0.86257,1.50,1.50
2013.07.15 23:31:40.701,0.86226,0.8625,1.50,1.13
2013.07.15 23:31:45.033,0.86227,0.86255,1.69,1.13
2013.07.15 23:31:45.602,0.86224,0.8625,1.50,1.13
2013.07.15 23:31:48.202,0.86222,0.8625,1.69,1.13
2013.07.15 23:31:49.262,0.86224,0.8625,1.50,1.13
2013.07.15 23:31:49.873,0.86228,0.86254,1.50,1.13
2013.07.15 23:31:51.041,0.86225,0.86254,1.69,1.13
2013.07.15 23:31:54.891,0.86225,0.86247,1.50,1.13
2013.07.15 23:31:59.202,0.86225,0.86247,2.25,1.13
2013.07.15 23:31:59.722,0.86228,0.86247,1.50,1.13
2013.07.15 23:32:06.325,0.86228,0.86255,2.25,1.13
2013.07.15 23:32:07.211,0.86228,0.86255,1.50,1.13
2013.07.15 23:32:11.631,0.86224,0.86251,1.69,1.50
2013.07.15 23:32:11.973,0.86229,0.86255,1.50,1.13
2013.07.15 23:32:13.601,0.86223,0.8625,1.13,1.50
2013.07.15 23:32:36.374,0.86226,0.8625,1.50,1.13
2013.07.15 23:32:36.461,0.86229,0.8625,1.50,1.13
2013.07.15 23:32:41.155,0.8623,0.8625,1.50,1.13
2013.07.15 23:32:41.332,0.86227,0.8625,1.69,1.13
2013.07.15 23:33:03.731,0.86227,0.86254,2.25,1.13
2013.07.15 23:33:23.673,0.86228,0.86254,1.50,1.13
2013.07.15 23:33:52.443,0.86227,0.86254,1.69,1.13
2013.07.15 23:33:56.722,0.86225,0.86253,1.32,1.13
2013.07.15 23:33:58.473,0.86225,0.86252,1.32,1.50
2013.07.15 23:34:02.642,0.86222,0.86252,1.32,1.69
2013.07.15 23:34:14.168,0.86219,0.86248,1.13,1.69
2013.07.15 23:34:29.492,0.86219,0.86248,1.13,1.50
2013.07.15 23:34:30.043,0.86219,0.8625,1.13,1.32
2013.07.15 23:34:54.123,0.86226,0.86256,1.69,1.50
2013.07.15 23:35:01.922,0.86228,0.86261,1.69,1.69
2013.07.15 23:35:03.092,0.86227,0.86261,3.19,1.69
2013.07.15 23:35:07.572,0.86227,0.86261,2.44,1.69
2013.07.15 23:35:10.412,0.86227,0.86261,1.50,2.44
2013.07.15 23:35:10.712,0.86223,0.86255,1.69,1.69
2013.07.15 23:35:12.812,0.86217,0.8625,2.44,1.69
2013.07.15 23:35:12.933,0.86217,0.8625,1.69,1.69
2013.07.15 23:35:13.112,0.86216,0.86249,1.50,1.69
2013.07.15 23:35:13.383,0.86216,0.86246,1.50,1.50
2013.07.15 23:35:20.672,0.86216,0.86249,2.25,2.44
2013.07.15 23:35:21.272,0.86212,0.86244,2.44,1.69
2013.07.15 23:35:21.332,0.86212,0.86244,2.44,1.69
2013.07.15 23:35:33.652,0.86212,0.86244,1.50,1.69
2013.07.15 23:35:33.834,0.86209,0.86241,1.50,2.44
2013.07.15 23:35:38.712,0.86209,0.86241,2.25,2.44
2013.07.15 23:35:50.292,0.86212,0.86244,1.50,1.69
2013.07.15 23:35:50.832,0.86216,0.86244,1.50,1.69
2013.07.15 23:35:50.892,0.86219,0.86244,1.50,1.69
2013.07.15 23:35:51.313,0.8622,0.8625,1.50,1.69
2013.07.15 23:35:51.453,0.86221,0.86252,1.50,1.50
2013.07.15 23:35:56.972,0.86226,0.86256,1.50,1.69
2013.07.15 23:36:03.232,0.86226,0.86256,1.50,1.50
2013.07.15 23:36:32.722,0.86224,0.86254,1.13,2.07
2013.07.15 23:36:40.203,0.86222,0.86244,1.50,1.13
2013.07.15 23:36:40.322,0.8622,0.86244,1.50,1.13
2013.07.15 23:36:40.882,0.86221,0.86244,1.50,1.13
2013.07.15 23:36:48.034,0.86219,0.86244,1.69,1.13
2013.07.15 23:36:48.676,0.86217,0.86244,1.69,1.13
2013.07.15 23:36:50.412,0.86217,0.86244,2.25,1.13
2013.07.15 23:36:50.652,0.86215,0.86244,2.44,1.13
2013.07.15 23:36:50.864,0.86215,0.86244,2.44,1.13
2013.07.15 23:36:51.632,0.86216,0.86244,2.25,1.13
2013.07.15 23:36:57.162,0.86216,0.86241,2.25,1.13
2013.07.15 23:36:57.462,0.86216,0.86241,2.25,1.13
2013.07.15 23:36:57.825,0.86214,0.86241,1.69,1.13
2013.07.15 23:36:58.132,0.86217,0.86241,1.50,1.13
2013.07.15 23:36:58.661,0.86215,0.86241,1.50,1.13
2013.07.15 23:36:58.744,0.86214,0.86241,1.69,1.13
2013.07.15 23:37:05.083,0.86214,0.86241,1.69,1.13
2013.07.15 23:37:05.442,0.86214,0.86241,1.50,1.32
2013.07.15 23:37:05.562,0.86212,0.86241,1.13,1.32
2013.07.15 23:37:06.072,0.86214,0.86241,1.50,1.32
2013.07.15 23:37:24.642,0.86213,0.86241,1.32,1.13
2013.07.15 23:37:30.432,0.86217,0.86244,1.13,1.69
2013.07.15 23:37:31.373,0.86217,0.86246,1.13,1.69
2013.07.15 23:37:33.853,0.86217,0.86246,1.13,1.69
2013.07.15 23:37:33.972,0.86226,0.86246,1.13,1.69
2013.07.15 23:37:34.512,0.86222,0.86252,1.88,1.69
2013.07.15 23:37:38.143,0.86218,0.8625,1.32,1.69
2013.07.15 23:37:38.203,0.86217,0.86237,1.50,1.13
2013.07.15 23:37:38.712,0.86212,0.86237,1.50,1.13
2013.07.15 23:37:41.426,0.86212,0.86239,1.50,1.13
2013.07.15 23:37:41.493,0.86216,0.86242,1.13,1.69
2013.07.15 23:37:43.212,0.86218,0.86246,1.88,1.32
2013.07.15 23:37:54.282,0.86217,0.86246,1.13,1.32
2013.07.15 23:37:56.563,0.86217,0.86247,1.13,1.32
2013.07.15 23:38:03.942,0.86217,0.86249,1.50,1.50
2013.07.15 23:38:04.524,0.86218,0.86248,1.32,1.13
2013.07.15 23:38:13.212,0.86217,0.86246,1.13,1.32
2013.07.15 23:38:14.252,0.86213,0.86246,2.44,2.44
2013.07.15 23:38:26.962,0.86211,0.86241,1.13,1.32
2013.07.15 23:38:29.822,0.8621,0.86241,1.50,1.32
2013.07.15 23:38:32.563,0.86222,0.86245,1.50,1.13
2013.07.15 23:38:32.922,0.86222,0.86253,1.69,2.07
2013.07.15 23:38:35.554,0.86225,0.86255,1.50,2.07
2013.07.15 23:38:35.733,0.86225,0.86257,2.44,1.50
2013.07.15 23:38:35.975,0.86227,0.8626,2.44,3.19
2013.07.15 23:38:40.233,0.86227,0.8626,2.44,1.69
2013.07.15 23:38:42.264,0.86227,0.8626,2.44,1.69
2013.07.15 23:38:43.618,0.86227,0.8626,2.25,1.69
2013.07.15 23:38:48.693,0.86227,0.8626,2.44,1.69
2013.07.15 23:38:52.182,0.86227,0.8626,2.25,2.44
2013.07.15 23:38:52.674,0.86227,0.86258,2.25,1.13
2013.07.15 23:38:56.712,0.86227,0.86258,2.63,1.13
2013.07.15 23:38:56.832,0.86232,0.8626,1.50,1.50
2013.07.15 23:38:56.892,0.86232,0.86264,2.25,2.44
2013.07.15 23:38:57.012,0.86235,0.86267,1.50,1.69
2013.07.15 23:38:57.203,0.86235,0.86266,1.50,1.50
2013.07.15 23:38:59.822,0.86235,0.86267,1.50,1.69
2013.07.15 23:39:05.084,0.86237,0.8627,2.44,1.50
2013.07.15 23:39:05.262,0.86237,0.8627,2.82,1.13
2013.07.15 23:39:05.583,0.8624,0.86272,2.44,2.07
2013.07.15 23:39:05.702,0.8624,0.86272,2.44,2.82
2013.07.15 23:39:07.052,0.86238,0.86269,2.07,1.88
2013.07.15 23:39:07.423,0.86238,0.86266,1.13,1.13
2013.07.15 23:39:07.603,0.86229,0.86262,1.69,1.50
2013.07.15 23:39:07.663,0.86231,0.86263,1.50,1.50
2013.07.15 23:39:07.723,0.86236,0.86263,1.13,1.50
2013.07.15 23:39:07.782,0.86234,0.86267,2.44,1.88
2013.07.15 23:39:07.962,0.86234,0.86267,1.69,1.88
2013.07.15 23:39:08.382,0.86234,0.86267,1.50,1.69
2013.07.15 23:39:09.314,0.86234,0.86267,1.50,1.69
2013.07.15 23:39:16.868,0.86234,0.86267,1.50,2.44
2013.07.15 23:39:17.175,0.86234,0.86264,1.50,1.69
2013.07.15 23:39:17.302,0.86229,0.86261,1.50,2.25
2013.07.15 23:39:17.908,0.86226,0.86259,2.44,2.25
2013.07.15 23:39:19.632,0.86227,0.86259,1.69,1.50
2013.07.15 23:39:19.932,0.86229,0.86263,1.50,2.44
2013.07.15 23:39:19.992,0.86229,0.86263,2.44,1.69
2013.07.15 23:39:20.112,0.86231,0.86262,1.69,1.50
2013.07.15 23:39:20.352,0.86231,0.86263,1.69,1.69
2013.07.15 23:39:20.522,0.86232,0.86265,1.50,1.69
2013.07.15 23:39:20.862,0.86234,0.86267,1.50,1.69
2013.07.15 23:39:22.542,0.86231,0.86264,1.69,2.44
2013.07.15 23:39:27.302,0.86231,0.86264,1.50,3.19
2013.07.15 23:39:29.053,0.86231,0.86263,1.50,1.69
2013.07.15 23:39:32.192,0.86227,0.8626,2.44,1.69
2013.07.15 23:39:33.533,0.86229,0.8626,1.69,1.69
2013.07.15 23:39:36.113,0.86229,0.86262,1.69,2.44
2013.07.15 23:39:36.782,0.86231,0.86263,1.50,1.69
2013.07.15 23:39:39.303,0.86231,0.86263,1.50,2.44
2013.07.15 23:39:40.592,0.86231,0.86263,1.50,1.69
2013.07.15 23:39:42.413,0.86231,0.86263,1.50,2.07
2013.07.15 23:39:42.772,0.86231,0.86263,1.50,1.69
2013.07.15 23:39:46.264,0.86231,0.86263,1.50,2.44
2013.07.15 23:39:52.552,0.86231,0.86263,1.50,2.44
2013.07.15 23:39:55.742,0.86231,0.86263,1.50,1.69
2013.07.15 23:40:02.502,0.86228,0.86261,1.50,1.69
2013.07.15 23:40:03.034,0.86231,0.86262,1.50,1.69
2013.07.15 23:40:03.444,0.86233,0.86264,1.50,1.69
2013.07.15 23:40:06.954,0.86233,0.86265,1.69,2.44
2013.07.15 23:40:07.354,0.86233,0.86265,1.69,2.44
2013.07.15 23:40:12.902,0.86233,0.86265,1.50,1.69
2013.07.15 23:40:33.878,0.86233,0.86264,1.50,1.69
2013.07.15 23:40:34.814,0.8623,0.86261,1.69,1.69
2013.07.15 23:40:35.366,0.86228,0.8626,2.44,1.50
2013.07.15 23:40:46.723,0.86228,0.86258,1.50,1.50
2013.07.15 23:40:47.313,0.86224,0.86257,1.69,1.50
2013.07.15 23:40:58.064,0.86223,0.86257,2.44,1.69
2013.07.15 23:41:07.626,0.86224,0.86258,2.44,1.69
2013.07.15 23:41:10.052,0.86228,0.86257,1.50,1.69
2013.07.15 23:41:14.062,0.86231,0.86257,1.69,1.50
2013.07.15 23:41:25.477,0.86231,0.86257,1.69,1.50
2013.07.15 23:41:30.772,0.86231,0.86258,1.69,1.50
2013.07.15 23:41:31.296,0.86234,0.86258,1.69,1.50
2013.07.15 23:42:11.663,0.86235,0.86258,1.69,1.50
2013.07.15 23:42:22.972,0.86235,0.86261,1.69,1.50
2013.07.15 23:42:42.713,0.86234,0.86263,1.69,1.50
2013.07.15 23:42:42.772,0.86234,0.86263,2.44,1.50
2013.07.15 23:42:45.046,0.86234,0.86263,2.44,1.50
2013.07.15 23:42:49.259,0.86234,0.86263,2.44,1.50
2013.07.15 23:43:00.703,0.86238,0.86266,1.69,1.50
2013.07.15 23:43:03.254,0.86239,0.86266,2.44,1.50
2013.07.15 23:43:03.573,0.86241,0.86269,1.69,1.50
2013.07.15 23:43:04.423,0.86241,0.86269,1.69,1.50
2013.07.15 23:43:05.112,0.86238,0.86266,3.19,1.50
2013.07.15 23:43:08.013,0.8624,0.86269,1.69,2.25
2013.07.15 23:43:11.773,0.86241,0.86269,1.50,2.25
2013.07.15 23:43:12.294,0.86243,0.86272,1.50,1.50
2013.07.15 23:43:21.273,0.86243,0.86272,1.69,1.50
2013.07.15 23:43:40.847,0.86242,0.86271,2.44,2.25
2013.07.15 23:43:44.264,0.86242,0.86271,3.75,2.25
2013.07.15 23:43:51.423,0.86244,0.86271,2.44,2.25
2013.07.15 23:43:51.483,0.86247,0.86271,1.69,1.50
2013.07.15 23:43:52.714,0.86247,0.86273,1.69,1.50
2013.07.15 23:43:57.341,0.86247,0.86273,1.69,1.50
2013.07.15 23:44:00.348,0.86247,0.86273,1.69,1.50
2013.07.15 23:44:02.859,0.86247,0.86273,1.69,1.50
2013.07.15 23:44:02.925,0.86249,0.86274,1.69,1.50
2013.07.15 23:44:04.724,0.86249,0.86275,2.44,1.13
2013.07.15 23:44:05.292,0.86249,0.86277,2.44,1.13
2013.07.15 23:44:08.983,0.86251,0.86276,1.50,1.50
2013.07.15 23:44:10.103,0.8625,0.86276,1.69,1.50
2013.07.15 23:44:22.923,0.86247,0.86274,1.69,1.50
2013.07.15 23:44:28.413,0.86248,0.86274,1.69,1.50
2013.07.15 23:44:28.714,0.86249,0.86276,1.69,1.88
2013.07.15 23:44:29.423,0.86252,0.86273,1.69,1.50
2013.07.15 23:44:29.543,0.86252,0.86276,1.69,1.50
2013.07.15 23:44:29.783,0.86252,0.86279,1.50,1.50
2013.07.15 23:44:30.154,0.86253,0.8628,1.50,1.13
2013.07.15 23:44:30.393,0.86252,0.86278,1.50,1.50
2013.07.15 23:44:30.453,0.86254,0.86279,1.50,1.50
2013.07.15 23:44:30.724,0.86257,0.8628,1.69,1.13
2013.07.15 23:44:30.904,0.86257,0.86284,1.69,1.50
2013.07.15 23:44:30.964,0.86258,0.86285,1.69,1.50
2013.07.15 23:44:31.323,0.86261,0.86287,1.69,1.50
2013.07.15 23:44:31.383,0.86264,0.86293,1.69,1.50
2013.07.15 23:44:31.913,0.86266,0.86295,3.19,1.50
2013.07.15 23:44:32.033,0.86267,0.86295,1.69,1.50
2013.07.15 23:44:32.393,0.86272,0.86299,1.50,1.13
2013.07.15 23:44:32.573,0.86276,0.86304,1.69,1.50
2013.07.15 23:44:33.114,0.86277,0.86305,1.69,1.13
2013.07.15 23:44:33.173,0.86277,0.86305,1.69,1.13
2013.07.15 23:44:33.853,0.86277,0.86305,1.50,1.50
2013.07.15 23:44:33.913,0.86276,0.86299,1.50,1.50
2013.07.15 23:44:33.973,0.86272,0.863,2.25,1.50
2013.07.15 23:44:34.092,0.86273,0.86298,2.25,1.50
2013.07.15 23:44:34.152,0.86273,0.86303,1.50,1.50
2013.07.15 23:44:34.393,0.86275,0.86305,2.44,1.50
2013.07.15 23:44:37.733,0.86275,0.86305,3.75,2.25
2013.07.15 23:44:37.853,0.86275,0.86305,1.69,2.25
2013.07.15 23:44:38.093,0.86272,0.86299,1.69,1.50
2013.07.15 23:44:38.273,0.86273,0.86299,2.25,1.50
2013.07.15 23:44:38.333,0.86276,0.86304,1.50,1.50
2013.07.15 23:44:38.873,0.86277,0.86304,1.50,1.50
2013.07.15 23:44:39.403,0.86276,0.86304,2.44,1.50
2013.07.15 23:44:40.304,0.86276,0.86304,2.44,1.88
2013.07.15 23:44:41.104,0.86277,0.86304,1.69,1.88
2013.07.15 23:44:41.453,0.86277,0.86304,1.69,1.88
2013.07.15 23:44:41.515,0.86272,0.86302,2.44,1.13
2013.07.15 23:44:42.724,0.86268,0.86295,1.69,1.50
2013.07.15 23:44:42.843,0.86268,0.86295,1.69,1.50
2013.07.15 23:44:43.153,0.8627,0.86295,1.32,1.50
2013.07.15 23:44:43.603,0.86271,0.86299,1.32,1.50
2013.07.15 23:44:43.723,0.86273,0.86299,1.32,1.50
2013.07.15 23:44:44.091,0.86275,0.86304,1.69,1.50
2013.07.15 23:44:44.482,0.86275,0.86304,1.69,1.50
2013.07.15 23:44:44.693,0.86275,0.86304,1.69,1.50
2013.07.15 23:44:46.434,0.86277,0.86304,1.69,1.50
2013.07.15 23:44:47.384,0.86273,0.86301,2.07,1.50
2013.07.15 23:44:48.274,0.86273,0.86301,2.07,1.50
2013.07.15 23:44:48.453,0.86275,0.86303,2.25,1.13
2013.07.15 23:44:48.875,0.86282,0.86303,1.69,1.13
2013.07.15 23:44:50.365,0.86282,0.86296,1.69,1.13
2013.07.15 23:44:50.486,0.86279,0.86296,1.50,1.13
2013.07.15 23:44:50.663,0.86276,0.86296,2.44,1.13
2013.07.15 23:44:51.203,0.86272,0.86296,1.50,1.13
2013.07.15 23:44:51.263,0.86271,0.86296,1.50,1.13
2013.07.15 23:44:51.803,0.86271,0.86288,1.50,1.13
2013.07.15 23:44:52.943,0.86271,0.86287,1.69,1.13
2013.07.15 23:44:53.243,0.86267,0.86287,1.50,1.13
2013.07.15 23:44:54.923,0.86262,0.86289,1.69,1.50
2013.07.15 23:44:55.404,0.86257,0.86278,1.50,1.50
2013.07.15 23:44:55.944,0.8625,0.86276,1.32,1.50
2013.07.15 23:44:56.124,0.8625,0.86273,1.32,1.50
2013.07.15 23:44:56.423,0.8625,0.86275,1.32,1.50
2013.07.15 23:44:56.544,0.86251,0.86275,1.13,1.50
2013.07.15 23:44:57.695,0.8625,0.86279,2.07,1.50
2013.07.15 23:44:57.873,0.86247,0.86275,1.69,2.25
2013.07.15 23:44:58.112,0.86247,0.86275,1.69,1.50
2013.07.15 23:44:58.353,0.8625,0.86279,3.19,2.25
2013.07.15 23:44:58.473,0.86256,0.86279,1.13,1.50
2013.07.15 23:44:58.654,0.86258,0.86287,2.25,2.25
2013.07.15 23:44:59.173,0.86262,0.86291,1.69,2.25
2013.07.15 23:45:01.582,0.86262,0.86291,2.44,2.85
2013.07.15 23:45:03.213,0.86262,0.86291,2.25,2.85
2013.07.15 23:45:06.563,0.86262,0.86291,2.44,2.85
2013.07.15 23:45:08.673,0.86262,0.86291,2.82,2.25
2013.07.15 23:45:10.603,0.86262,0.86289,1.50,1.50
2013.07.15 23:45:11.764,0.86262,0.86289,1.50,1.50
2013.07.15 23:45:12.273,0.86264,0.86291,1.50,1.50
2013.07.15 23:45:13.875,0.86266,0.86291,1.13,1.50
2013.07.15 23:45:14.223,0.86266,0.86291,1.13,1.50
2013.07.15 23:45:18.564,0.86263,0.86292,1.50,2.25
2013.07.15 23:45:18.773,0.86263,0.86292,1.50,2.25
2013.07.15 23:45:20.964,0.86263,0.86292,1.50,2.44
2013.07.15 23:45:21.933,0.86263,0.86292,2.25,2.25
2013.07.15 23:45:23.973,0.86259,0.86288,2.44,1.50
2013.07.15 23:45:28.114,0.86261,0.86288,1.69,1.50
2013.07.15 23:45:29.133,0.86263,0.8629,1.50,1.50
2013.07.15 23:45:29.493,0.86267,0.86297,2.25,1.50
2013.07.15 23:45:29.556,0.86267,0.86297,2.25,1.50
2013.07.15 23:45:30.093,0.86265,0.86294,1.50,1.50
2013.07.15 23:45:34.143,0.86265,0.86294,1.50,1.50
2013.07.15 23:45:36.194,0.86264,0.86294,2.44,2.25
2013.07.15 23:45:39.404,0.86265,0.86294,1.69,1.50
2013.07.15 23:45:43.409,0.86265,0.86294,1.69,2.25
2013.07.15 23:45:43.753,0.86265,0.86289,1.69,1.13
2013.07.15 23:45:43.933,0.86262,0.86289,1.69,1.50
2013.07.15 23:45:47.123,0.86259,0.86284,1.13,1.50
2013.07.15 23:45:49.483,0.86259,0.86284,1.32,1.50
2013.07.15 23:45:53.634,0.86259,0.86284,1.32,1.50
2013.07.15 23:45:53.754,0.86258,0.86284,1.32,1.50
2013.07.15 23:45:56.823,0.86253,0.86278,1.69,1.13
2013.07.15 23:45:59.513,0.86253,0.86278,1.50,1.13
2013.07.15 23:46:04.093,0.86256,0.86283,1.88,1.50
2013.07.15 23:46:05.233,0.86261,0.86288,1.32,1.50
2013.07.15 23:46:07.083,0.8626,0.86288,1.32,1.50
2013.07.15 23:46:07.384,0.8626,0.86287,1.69,1.35
2013.07.15 23:46:07.927,0.8626,0.8629,1.69,1.50
2013.07.15 23:46:07.987,0.86259,0.86289,1.69,1.50
2013.07.15 23:46:08.294,0.8626,0.86292,2.44,1.69
2013.07.15 23:46:08.353,0.8626,0.86292,3.19,1.69
2013.07.15 23:46:08.904,0.86264,0.86292,1.50,1.50
2013.07.15 23:46:09.804,0.8626,0.86292,2.25,2.25
2013.07.15 23:46:14.094,0.8626,0.86292,2.44,2.25
2013.07.15 23:46:14.453,0.86258,0.86289,1.50,1.88
2013.07.15 23:46:14.693,0.86256,0.86286,1.50,1.50
2013.07.15 23:46:15.184,0.86256,0.86286,1.50,1.50
2013.07.15 23:46:19.213,0.86256,0.86284,1.69,1.50
2013.07.15 23:46:22.097,0.86256,0.86284,1.69,1.50
2013.07.15 23:46:23.403,0.86256,0.86284,1.69,1.50
2013.07.15 23:46:33.174,0.86256,0.86284,1.32,1.50
2013.07.15 23:46:33.293,0.86256,0.86284,2.07,1.50
2013.07.15 23:46:34.643,0.86256,0.86284,2.07,1.50
2013.07.15 23:46:38.053,0.86256,0.86285,2.07,1.50
2013.07.15 23:46:41.143,0.86256,0.86285,2.07,1.50
2013.07.15 23:46:43.223,0.86256,0.86285,1.88,1.50
2013.07.15 23:46:43.343,0.86257,0.86289,2.25,2.25
2013.07.15 23:46:43.787,0.86262,0.86289,1.69,1.50
2013.07.15 23:46:49.331,0.86265,0.86294,1.69,1.50
2013.07.15 23:46:51.054,0.86265,0.86294,1.69,1.50
2013.07.15 23:47:00.243,0.86265,0.86294,1.50,1.50
2013.07.15 23:47:03.283,0.86265,0.86294,1.69,1.50
2013.07.15 23:47:04.737,0.86267,0.86296,1.69,1.50
2013.07.15 23:47:10.493,0.86267,0.86296,1.69,1.50
2013.07.15 23:47:23.763,0.86267,0.86297,1.69,1.50
2013.07.15 23:47:32.273,0.86267,0.86297,1.69,1.50
2013.07.15 23:47:38.236,0.86267,0.86297,1.69,1.50
2013.07.15 23:47:43.690,0.86267,0.86297,1.69,1.50
2013.07.15 23:47:46.315,0.86267,0.86297,1.69,1.50
2013.07.15 23:47:47.943,0.86266,0.86297,1.69,1.50
2013.07.15 23:47:50.563,0.86267,0.86297,1.69,1.50
2013.07.15 23:47:51.563,0.86267,0.86297,1.69,1.50
2013.07.15 23:47:57.213,0.86265,0.86294,1.50,1.50
2013.07.15 23:47:57.516,0.86283,0.86299,1.13,1.50
2013.07.15 23:47:57.636,0.86277,0.86299,1.50,1.50
2013.07.15 23:47:57.934,0.8628,0.86309,1.50,2.25
2013.07.15 23:47:58.504,0.8628,0.86309,1.50,1.88
2013.07.15 23:47:59.683,0.86278,0.86306,1.69,1.50
2013.07.15 23:48:00.197,0.86281,0.86306,1.69,1.50
2013.07.15 23:48:00.254,0.86281,0.86309,1.69,1.50
2013.07.15 23:48:01.223,0.86284,0.86309,1.32,1.50
2013.07.15 23:48:02.827,0.86281,0.86309,1.69,1.88
2013.07.15 23:48:03.003,0.86284,0.86314,1.69,1.50
2013.07.15 23:48:03.523,0.86286,0.86314,1.50,1.50
2013.07.15 23:48:03.784,0.86286,0.86317,1.69,1.88
2013.07.15 23:48:04.743,0.8629,0.86318,1.69,1.13
2013.07.15 23:48:08.953,0.86292,0.86318,1.69,1.13
2013.07.15 23:48:09.114,0.86292,0.86318,1.69,1.13
2013.07.15 23:48:09.615,0.86292,0.86317,1.69,1.50
2013.07.15 23:48:09.674,0.86292,0.86317,1.69,1.88
2013.07.15 23:48:10.046,0.86286,0.86313,1.69,1.50
2013.07.15 23:48:10.103,0.86286,0.86313,1.69,1.50
2013.07.15 23:48:10.683,0.86286,0.86313,1.69,1.50
2013.07.15 23:48:11.133,0.86286,0.86314,1.69,1.13
2013.07.15 23:48:11.683,0.86288,0.86315,1.32,1.50
2013.07.15 23:48:11.803,0.86288,0.86319,1.32,1.88
2013.07.15 23:48:13.343,0.86289,0.86321,1.50,1.32
2013.07.15 23:48:13.916,0.86288,0.86319,1.32,1.88
2013.07.15 23:48:14.045,0.86291,0.86319,1.69,1.88
2013.07.15 23:48:18.893,0.86291,0.86319,1.69,1.13
2013.07.15 23:48:19.913,0.86291,0.86319,1.69,1.88
2013.07.15 23:48:20.604,0.86289,0.86319,1.69,1.88
2013.07.15 23:48:22.674,0.86288,0.86319,2.07,1.88
2013.07.15 23:48:22.864,0.86288,0.86318,1.32,1.50
2013.07.15 23:48:23.103,0.86287,0.86316,1.13,2.44
2013.07.15 23:48:23.283,0.86287,0.86313,1.13,1.50
2013.07.15 23:48:23.724,0.86278,0.86307,1.32,1.50
2013.07.15 23:48:24.323,0.86287,0.8631,1.13,1.50
2013.07.15 23:48:24.893,0.86281,0.8631,1.13,2.25
2013.07.15 23:48:25.014,0.86281,0.86309,1.13,1.50
2013.07.15 23:48:26.978,0.86281,0.86307,1.13,1.50
2013.07.15 23:48:27.213,0.86277,0.86307,1.32,2.25
2013.07.15 23:48:27.273,0.86277,0.86303,1.13,1.50
2013.07.15 23:48:27.573,0.86277,0.86303,1.13,2.44
2013.07.15 23:48:28.053,0.86267,0.86299,1.32,2.25
2013.07.15 23:48:29.663,0.86266,0.86296,2.07,1.50
2013.07.15 23:48:29.843,0.86265,0.86296,2.82,1.50
2013.07.15 23:48:29.963,0.86265,0.86296,2.82,2.25
2013.07.15 23:48:31.704,0.86268,0.86292,1.50,1.50
2013.07.15 23:48:31.823,0.86256,0.86287,1.32,2.25
2013.07.15 23:48:31.883,0.86255,0.86284,1.13,1.50
2013.07.15 23:48:32.123,0.86257,0.86287,1.13,1.50
2013.07.15 23:48:32.303,0.86265,0.86297,1.50,2.44
2013.07.15 23:48:32.424,0.86262,0.86295,1.69,1.69
2013.07.15 23:48:32.554,0.86262,0.86295,1.69,1.69
2013.07.15 23:48:35.403,0.86262,0.86295,2.44,1.50
2013.07.15 23:48:37.803,0.86262,0.86295,1.69,1.50
2013.07.15 23:48:38.674,0.86263,0.86295,1.69,1.50
2013.07.15 23:48:40.734,0.86266,0.86297,1.50,1.69
2013.07.15 23:48:40.853,0.86262,0.86293,1.69,1.50
2013.07.15 23:48:41.374,0.86261,0.86291,1.13,2.25
2013.07.15 23:48:43.693,0.86259,0.86291,2.07,2.44
2013.07.15 23:48:43.873,0.86259,0.86291,1.50,3.19
2013.07.15 23:48:44.113,0.86257,0.86286,1.88,1.50
2013.07.15 23:48:55.881,0.86257,0.86286,2.07,1.50
2013.07.15 23:48:55.943,0.86257,0.86288,1.32,1.50
2013.07.15 23:48:56.244,0.86261,0.86288,2.44,1.88
2013.07.15 23:48:56.363,0.86261,0.8629,1.69,1.88
2013.07.15 23:48:56.603,0.86261,0.8629,2.44,1.13
2013.07.15 23:48:57.513,0.86267,0.86294,1.69,1.13
2013.07.15 23:49:06.283,0.86265,0.86294,2.44,1.13
2013.07.15 23:49:08.035,0.86266,0.86294,1.69,1.13
2013.07.15 23:49:09.342,0.86265,0.86294,1.69,1.13
2013.07.15 23:49:10.993,0.86266,0.86294,1.69,1.13
2013.07.15 23:49:11.945,0.86266,0.8629,1.69,1.50
2013.07.15 23:49:12.125,0.86256,0.86288,1.50,1.50
2013.07.15 23:49:12.184,0.86256,0.86288,2.25,1.50
2013.07.15 23:49:12.304,0.86256,0.86289,2.44,2.82
2013.07.15 23:49:12.363,0.86257,0.86289,1.69,2.63
2013.07.15 23:49:12.925,0.86259,0.86289,1.69,1.13
2013.07.15 23:49:16.825,0.86259,0.86291,2.44,1.88
2013.07.15 23:49:16.883,0.86269,0.86291,1.13,1.50
2013.07.15 23:49:17.123,0.86264,0.86296,1.50,1.69
2013.07.15 23:49:17.423,0.86267,0.86298,1.50,1.50
2013.07.15 23:49:17.783,0.86271,0.86299,1.50,1.32
2013.07.15 23:49:17.843,0.86268,0.86299,1.50,1.32
2013.07.15 23:49:18.345,0.86268,0.86299,1.50,1.32
2013.07.15 23:49:18.604,0.86269,0.86299,1.50,1.32
2013.07.15 23:49:27.243,0.86271,0.86299,1.69,1.13
2013.07.15 23:49:30.563,0.86271,0.86299,1.69,1.13
2013.07.15 23:49:42.786,0.86269,0.86301,1.50,2.44
2013.07.15 23:49:44.393,0.86269,0.86301,1.69,2.44
2013.07.15 23:49:45.745,0.86269,0.86301,1.69,2.25
2013.07.15 23:49:55.785,0.86269,0.86301,1.69,2.44
2013.07.15 23:49:59.388,0.86269,0.86301,1.69,2.25
2013.07.15 23:49:59.583,0.86269,0.86301,1.69,2.25
2013.07.15 23:49:59.883,0.86268,0.86298,1.69,1.50
2013.07.15 23:50:00.527,0.86267,0.86298,2.44,1.50
2013.07.15 23:50:01.054,0.86267,0.86298,1.50,1.50
2013.07.15 23:50:01.293,0.86264,0.86294,1.32,1.50
2013.07.15 23:50:01.429,0.86263,0.86294,1.32,1.50
2013.07.15 23:50:01.823,0.86265,0.86296,1.69,1.50
2013.07.15 23:50:02.335,0.86265,0.86297,1.69,1.50
2013.07.15 23:50:03.143,0.86266,0.86295,1.69,1.50
2013.07.15 23:50:03.683,0.8627,0.863,1.50,1.69
2013.07.15 23:50:04.233,0.86266,0.86298,2.44,1.50
2013.07.15 23:50:04.293,0.86266,0.86298,1.69,1.50
2013.07.15 23:50:07.564,0.86266,0.86298,1.69,1.69
2013.07.15 23:50:07.914,0.86266,0.86299,1.69,1.69
2013.07.15 23:50:19.685,0.86269,0.863,2.44,2.63
2013.07.15 23:50:20.448,0.8627,0.863,1.69,2.63
2013.07.15 23:50:23.154,0.86269,0.863,3.19,2.63
2013.07.15 23:50:23.214,0.86272,0.863,1.13,1.50
2013.07.15 23:50:26.263,0.86273,0.863,1.69,1.50
2013.07.15 23:50:26.443,0.86276,0.86308,3.19,1.13
2013.07.15 23:50:26.853,0.86276,0.86307,2.25,2.07
2013.07.15 23:50:27.474,0.86275,0.86304,1.50,1.50
2013.07.15 23:50:27.833,0.86272,0.863,2.07,1.50
2013.07.15 23:50:34.533,0.86273,0.86303,2.44,1.50
2013.07.15 23:50:34.955,0.86273,0.86304,1.69,2.25
2013.07.15 23:50:43.703,0.86272,0.86304,2.07,2.25
2013.07.15 23:50:50.264,0.86272,0.863,1.32,1.50
2013.07.15 23:50:54.960,0.86272,0.863,1.32,1.50
2013.07.15 23:51:03.934,0.86271,0.863,1.69,2.25
2013.07.15 23:51:04.547,0.86269,0.863,2.82,2.25
2013.07.15 23:51:17.119,0.8627,0.863,1.69,2.25
2013.07.15 23:51:24.036,0.8627,0.863,1.32,2.25
2013.07.15 23:51:27.413,0.86268,0.86297,2.44,1.13
2013.07.15 23:51:28.396,0.86267,0.86297,1.69,1.13
2013.07.15 23:51:29.402,0.86265,0.86295,2.44,1.50
2013.07.15 23:51:33.964,0.86265,0.86296,2.44,1.50
2013.07.15 23:51:34.334,0.8627,0.86299,1.69,1.13
2013.07.15 23:51:35.955,0.8627,0.86297,1.69,1.13
2013.07.15 23:51:36.556,0.86267,0.86297,1.69,1.88
2013.07.15 23:51:38.983,0.86266,0.86297,1.69,1.88
2013.07.15 23:51:41.724,0.86266,0.86293,1.69,1.13
2013.07.15 23:51:53.244,0.86267,0.86293,1.69,1.13
2013.07.15 23:51:58.354,0.86269,0.86299,1.50,1.13
2013.07.15 23:51:58.413,0.86269,0.86301,1.50,1.69
2013.07.15 23:51:58.653,0.86271,0.86301,1.69,1.50
2013.07.15 23:51:58.843,0.86272,0.86302,1.69,1.50
2013.07.15 23:51:59.215,0.86272,0.86303,2.44,1.13
2013.07.15 23:51:59.273,0.86272,0.86303,1.69,2.63
2013.07.15 23:52:00.942,0.86272,0.86303,1.69,2.63
2013.07.15 23:52:01.473,0.8627,0.863,1.69,1.50
2013.07.15 23:52:07.413,0.86268,0.863,1.69,2.25
2013.07.15 23:52:07.533,0.86268,0.863,1.69,1.50
2013.07.15 23:52:08.078,0.86271,0.86303,1.50,1.13
2013.07.15 23:52:12.923,0.86272,0.86303,1.69,1.13
2013.07.15 23:52:13.224,0.86271,0.86303,1.50,1.32
2013.07.15 23:52:13.504,0.86269,0.86301,1.69,2.25
2013.07.15 23:52:19.493,0.86269,0.86298,2.44,1.13
2013.07.15 23:52:23.213,0.86269,0.86298,2.44,1.13
2013.07.15 23:52:31.129,0.86269,0.86298,1.69,1.13
2013.07.15 23:52:33.224,0.86269,0.86298,1.69,1.13
2013.07.15 23:52:33.923,0.8627,0.86298,1.69,1.13
2013.07.15 23:52:43.234,0.8627,0.86298,1.69,1.13
2013.07.15 23:52:45.302,0.86269,0.86298,1.69,1.13
2013.07.15 23:52:48.511,0.86268,0.86298,2.44,1.13
2013.07.15 23:52:49.404,0.86268,0.86298,2.44,1.13
2013.07.15 23:52:50.445,0.86268,0.86298,2.44,1.13
2013.07.15 23:52:50.960,0.86269,0.86298,1.69,1.13
2013.07.15 23:52:54.334,0.86268,0.86298,1.69,1.13
2013.07.15 23:52:57.294,0.86267,0.86298,2.44,1.88
2013.07.15 23:52:57.854,0.86265,0.86295,1.50,1.69
2013.07.15 23:53:01.825,0.86262,0.86293,2.44,1.50
2013.07.15 23:53:21.344,0.86262,0.86289,2.44,1.13
2013.07.15 23:53:28.766,0.86262,0.86289,2.44,1.13
2013.07.15 23:53:30.483,0.86262,0.86289,2.44,1.13
2013.07.15 23:53:31.195,0.86262,0.86289,1.69,1.13
2013.07.15 23:53:34.887,0.86262,0.86289,1.50,1.13
2013.07.15 23:53:34.955,0.86257,0.86289,1.50,1.88
2013.07.15 23:53:36.554,0.86257,0.86283,2.25,1.13
2013.07.15 23:53:36.795,0.86257,0.86283,2.25,1.13
2013.07.15 23:53:41.095,0.86257,0.86283,1.50,1.13
2013.07.15 23:53:53.253,0.86261,0.86289,1.69,1.13
2013.07.15 23:53:53.507,0.86259,0.86289,2.44,1.13
2013.07.15 23:53:55.147,0.86259,0.86289,1.69,1.13
2013.07.15 23:53:55.726,0.86259,0.86289,2.44,1.13
2013.07.15 23:53:56.605,0.86261,0.86289,1.50,1.13
2013.07.15 23:53:56.905,0.86257,0.86289,2.44,1.13
2013.07.15 23:54:01.424,0.86256,0.86288,1.69,1.69
2013.07.15 23:54:01.664,0.8626,0.86289,1.69,1.88
2013.07.15 23:54:07.214,0.86262,0.86289,1.69,1.88
2013.07.15 23:54:16.842,0.8626,0.86289,2.44,1.88
2013.07.15 23:54:20.944,0.86262,0.86289,1.69,1.13
2013.07.15 23:54:28.457,0.86262,0.86292,2.44,1.13
2013.07.15 23:54:32.004,0.86264,0.86293,1.69,1.13
2013.07.15 23:54:37.424,0.86263,0.86293,1.69,2.25
2013.07.15 23:54:37.484,0.86263,0.86293,1.69,1.50
2013.07.15 23:54:37.785,0.86269,0.86297,1.69,1.50
2013.07.15 23:54:37.966,0.86273,0.86299,1.69,1.50
2013.07.15 23:54:38.144,0.86273,0.86303,1.69,1.50
2013.07.15 23:54:39.112,0.86278,0.86306,1.69,1.88
2013.07.15 23:54:40.484,0.86279,0.86309,1.69,1.50
2013.07.15 23:54:40.544,0.86283,0.86309,1.69,1.50
2013.07.15 23:54:40.725,0.86283,0.86309,1.69,1.50
2013.07.15 23:54:40.845,0.8629,0.86313,1.69,1.50
2013.07.15 23:54:40.904,0.8629,0.86313,1.69,1.50
2013.07.15 23:54:41.084,0.8629,0.86315,1.69,1.13
2013.07.15 23:54:44.894,0.86284,0.86309,1.69,1.50
2013.07.15 23:54:45.134,0.8628,0.86308,1.69,1.50
2013.07.15 23:54:45.194,0.86279,0.86309,1.69,1.88
2013.07.15 23:54:45.254,0.86279,0.86308,1.69,1.50
2013.07.15 23:54:45.494,0.86279,0.8631,2.44,1.50
2013.07.15 23:54:47.035,0.86282,0.8631,1.69,1.50
2013.07.15 23:54:50.666,0.86279,0.8631,2.44,1.50
2013.07.15 23:54:50.787,0.86279,0.86308,1.69,1.50
2013.07.15 23:54:52.064,0.86275,0.86304,1.32,1.50
2013.07.15 23:54:52.184,0.86272,0.86301,1.32,1.50
2013.07.15 23:54:52.244,0.8627,0.86301,1.69,1.50
2013.07.15 23:54:54.497,0.8627,0.86297,1.69,1.50
2013.07.15 23:54:57.364,0.86267,0.86297,1.69,2.25
2013.07.15 23:55:00.236,0.86266,0.86294,1.32,2.25
2013.07.15 23:55:00.415,0.86266,0.8629,1.13,1.50
2013.07.15 23:55:00.974,0.86266,0.86288,1.13,1.50
2013.07.15 23:55:01.743,0.86266,0.86291,1.13,2.25
2013.07.15 23:55:03.884,0.86266,0.86289,1.13,1.50
2013.07.15 23:55:04.244,0.86259,0.86284,1.69,1.50
2013.07.15 23:55:05.884,0.86261,0.86284,1.32,2.25
2013.07.15 23:55:05.944,0.86258,0.86284,1.69,2.63
2013.07.15 23:55:06.964,0.86253,0.86282,1.69,1.50
2013.07.15 23:55:09.264,0.86257,0.86286,1.69,1.50
2013.07.15 23:55:12.594,0.86259,0.86287,1.69,1.50
2013.07.15 23:55:12.654,0.8626,0.86287,1.69,1.50
2013.07.15 23:55:12.894,0.86263,0.86293,1.69,1.50
2013.07.15 23:55:12.955,0.86267,0.86294,1.69,1.50
2013.07.15 23:55:13.134,0.86267,0.86296,1.69,1.13
2013.07.15 23:55:17.494,0.86268,0.86295,1.69,1.50
2013.07.15 23:55:21.454,0.86269,0.86298,1.69,1.50
2013.07.15 23:55:21.514,0.86269,0.86295,1.69,1.50
2013.07.15 23:55:21.693,0.86269,0.86298,1.69,1.50
2013.07.15 23:55:22.635,0.86269,0.86298,1.69,1.50
2013.07.15 23:55:24.165,0.86273,0.86299,1.69,1.50
2013.07.15 23:55:24.714,0.86273,0.863,1.69,1.50
2013.07.15 23:55:25.385,0.86271,0.86299,1.69,1.50
2013.07.15 23:55:27.352,0.86269,0.86299,2.44,1.50
2013.07.15 23:55:27.684,0.86269,0.86299,2.44,1.88
2013.07.15 23:55:29.594,0.86267,0.86296,1.69,1.13
2013.07.15 23:55:43.247,0.86266,0.86292,1.69,1.13
2013.07.15 23:55:43.614,0.86261,0.86291,1.69,1.88
2013.07.15 23:55:43.915,0.86261,0.8629,1.69,1.50
2013.07.15 23:55:44.674,0.8626,0.8629,1.50,1.50
2013.07.15 23:55:44.854,0.86257,0.86289,1.69,2.25
2013.07.15 23:55:45.159,0.86256,0.86283,1.69,1.50
2013.07.15 23:55:46.474,0.86253,0.86283,1.69,1.50
2013.07.15 23:55:48.157,0.86255,0.86283,1.69,1.50
2013.07.15 23:55:49.585,0.86253,0.86282,1.69,1.50
2013.07.15 23:55:50.106,0.86252,0.86281,1.32,1.50
2013.07.15 23:55:50.925,0.86252,0.86281,1.13,1.50
2013.07.15 23:55:54.640,0.86252,0.8628,1.13,1.50
2013.07.15 23:55:54.884,0.8625,0.86281,1.50,2.44
2013.07.15 23:55:55.196,0.86249,0.86279,1.32,1.69
2013.07.15 23:55:55.314,0.8625,0.86281,1.50,2.44
2013.07.15 23:55:55.825,0.86249,0.86278,2.07,1.50
2013.07.15 23:56:04.994,0.8625,0.86281,1.69,1.50
2013.07.15 23:56:10.316,0.8625,0.8628,1.69,1.50
2013.07.15 23:56:10.374,0.86251,0.8628,1.13,1.50
2013.07.15 23:56:27.365,0.86251,0.86281,1.32,2.25
2013.07.15 23:56:34.245,0.8625,0.86281,2.82,1.50
2013.07.15 23:56:34.524,0.86253,0.86284,2.44,2.44
2013.07.15 23:56:35.874,0.86255,0.86286,1.50,1.32
2013.07.15 23:56:40.684,0.86256,0.86286,1.50,1.69
2013.07.15 23:56:41.308,0.86256,0.86286,1.50,1.69
2013.07.15 23:56:45.594,0.86256,0.86288,2.07,1.69
2013.07.15 23:56:46.434,0.86257,0.86288,1.13,1.69
2013.07.15 23:56:52.153,0.86257,0.86288,1.32,1.69
2013.07.15 23:56:56.266,0.86259,0.8629,2.44,2.44
2013.07.15 23:57:00.924,0.86259,0.8629,2.44,2.25
2013.07.15 23:57:01.974,0.86259,0.8629,2.44,2.25
2013.07.15 23:57:02.154,0.86259,0.8629,1.50,2.44
2013.07.15 23:57:05.014,0.86259,0.8629,2.25,2.44
2013.07.15 23:57:08.234,0.86259,0.8629,2.25,3.19
2013.07.15 23:57:08.995,0.86259,0.86288,2.25,1.32
2013.07.15 23:57:09.754,0.86259,0.86288,2.25,1.13
2013.07.15 23:57:18.587,0.86265,0.86293,1.13,1.69
2013.07.15 23:57:20.550,0.86265,0.86291,1.13,1.50
2013.07.15 23:57:21.100,0.86265,0.86294,1.88,1.69
2013.07.15 23:57:25.676,0.86265,0.86291,1.50,1.13
2013.07.15 23:57:29.655,0.86261,0.86292,1.50,1.69
2013.07.15 23:57:37.484,0.86261,0.86292,1.50,1.69
2013.07.15 23:57:39.404,0.86261,0.86292,1.69,1.69
2013.07.15 23:57:44.025,0.86261,0.86292,1.69,1.69
2013.07.15 23:57:44.995,0.86265,0.86296,1.50,2.44
2013.07.15 23:57:45.294,0.86269,0.86298,1.50,1.69
2013.07.15 23:57:45.724,0.86269,0.863,2.44,1.50
2013.07.15 23:57:45.844,0.86272,0.86303,1.69,1.69
2013.07.15 23:58:02.154,0.86272,0.86303,1.50,2.44
2013.07.15 23:58:03.212,0.86272,0.86303,1.50,1.69
2013.07.15 23:58:05.324,0.86272,0.86304,1.50,3.19
2013.07.15 23:58:06.424,0.86272,0.86302,1.50,1.69
2013.07.15 23:58:06.664,0.86267,0.86298,2.44,2.07
2013.07.15 23:58:07.154,0.86265,0.86293,1.69,1.13
2013.07.15 23:58:07.974,0.86265,0.86293,1.69,1.13
2013.07.15 23:58:10.464,0.86263,0.86293,1.69,1.50
2013.07.15 23:58:10.774,0.86262,0.86293,2.82,1.69
2013.07.15 23:58:17.816,0.86264,0.86293,1.50,1.69
2013.07.15 23:58:19.314,0.86264,0.86293,1.50,1.50
2013.07.15 23:58:32.628,0.86266,0.86297,2.25,2.25
2013.07.15 23:58:36.019,0.86263,0.86293,1.69,1.69
2013.07.15 23:58:36.347,0.86263,0.86293,1.50,1.32
2013.07.15 23:58:36.467,0.86262,0.86293,1.69,2.07
2013.07.15 23:58:36.825,0.86259,0.8629,1.50,1.69
2013.07.15 23:58:39.644,0.86261,0.8629,1.50,1.69
2013.07.15 23:58:41.954,0.86261,0.8629,1.50,1.32
2013.07.15 23:58:46.164,0.86261,0.8629,1.50,1.32
2013.07.15 23:58:46.225,0.86257,0.86285,1.69,1.13
2013.07.15 23:58:46.284,0.86255,0.86285,2.44,1.13
2013.07.15 23:58:48.406,0.86252,0.86283,2.25,2.63
2013.07.15 23:58:49.684,0.86252,0.86281,1.50,1.13
2013.07.15 23:58:50.132,0.86248,0.86279,2.25,1.69
2013.07.15 23:58:53.386,0.86248,0.8628,2.25,2.44
2013.07.15 23:58:53.505,0.86248,0.8628,2.25,1.50
2013.07.15 23:58:59.106,0.86248,0.8628,2.44,2.25
2013.07.15 23:59:03.131,0.86248,0.86279,2.44,1.32
2013.07.15 23:59:05.974,0.86246,0.86276,1.50,2.07
2013.07.15 23:59:06.524,0.86244,0.86274,1.69,1.50
2013.07.15 23:59:08.164,0.86244,0.86275,1.69,1.50
2013.07.15 23:59:08.344,0.86245,0.86276,1.50,1.32
2013.07.15 23:59:08.906,0.86245,0.86277,2.25,2.07
2013.07.15 23:59:10.694,0.86245,0.86276,2.25,1.32
2013.07.15 23:59:12.855,0.86245,0.86274,2.44,1.13
2013.07.15 23:59:14.674,0.86243,0.86274,1.69,2.44
2013.07.15 23:59:15.034,0.86243,0.86274,2.44,1.50
2013.07.15 23:59:29.714,0.86247,0.86277,1.50,1.13
2013.07.15 23:59:32.684,0.86247,0.86278,1.69,2.07
2013.07.15 23:59:40.286,0.86247,0.86271,1.69,1.50
2013.07.15 23:59:40.347,0.86244,0.86271,1.13,1.50
2013.07.15 23:59:40.704,0.86244,0.86272,1.88,1.69
2013.07.15 23:59:41.005,0.86241,0.86269,1.50,1.50
2013.07.15 23:59:43.216,0.8624,0.86269,1.50,1.50
2013.07.15 23:59:43.575,0.86239,0.86265,1.50,1.69
2013.07.15 23:59:43.695,0.86236,0.86265,1.88,1.69
2013.07.15 23:59:43.754,0.86236,0.86265,1.88,1.69
2013.07.15 23:59:44.194,0.86236,0.86265,1.88,1.69
2013.07.15 23:59:46.584,0.86232,0.86263,1.50,1.69
2013.07.15 23:59:46.824,0.86229,0.86261,1.88,2.44
2013.07.15 23:59:48.118,0.86227,0.86257,1.32,1.50
2013.07.15 23:59:48.175,0.86226,0.86255,1.50,1.13
2013.07.15 23:59:48.474,0.86222,0.86253,1.69,1.50
2013.07.15 23:59:50.184,0.86222,0.86253,1.69,1.50
2013.07.15 23:59:51.504,0.86219,0.86251,1.88,2.44
2013.07.15 23:59:51.894,0.86217,0.86245,2.44,1.13
2013.07.15 23:59:51.955,0.86217,0.86245,1.69,1.13
2013.07.15 23:59:52.141,0.86217,0.86245,1.69,1.13
2013.07.15 23:59:52.664,0.86217,0.86245,1.50,1.32
2013.07.15 23:59:54.794,0.86212,0.86244,3.19,2.44
2013.07.15 23:59:55.155,0.86212,0.8624,2.44,1.50
2013.07.15 23:59:55.515,0.86216,0.86246,1.13,1.69
2013.07.15 23:59:55.874,0.86215,0.86245,1.50,1.32
2013.07.15 23:59:56.295,0.86211,0.86239,1.32,1.50
2013.07.15 23:59:57.367,0.86211,0.86239,1.13,1.69
2013.07.15 23:59:57.425,0.86207,0.86236,1.50,1.13
2013.07.15 23:59:57.665,0.86202,0.86233,2.07,1.69
2013.07.15 23:59:57.846,0.86202,0.86232,1.32,1.69
2013.07.15 23:59:59.205,0.86202,0.86233,1.32,1.69
2013.07.15 23:59:59.815,0.86209,0.86235,1.50,1.69
