2017.03.17 10:00:01.955,0.76485,0.76505,2.25,1.12
2017.03.17 10:00:02.718,0.76489,0.76506,1.00,1.00
2017.03.17 10:00:03.517,0.76489,0.76506,1.00,1.37
2017.03.17 10:00:04.096,0.7649,0.7651,1.00,1.75
2017.03.17 10:00:04.467,0.7649,0.7651,1.12,1.75
2017.03.17 10:00:04.618,0.76484,0.76506,1.75,1.37
2017.03.17 10:00:04.669,0.76485,0.76505,1.75,1.50
2017.03.17 10:00:04.971,0.76481,0.76501,1.75,1.00
2017.03.17 10:00:05.172,0.76482,0.76501,1.00,1.50
2017.03.17 10:00:05.223,0.7648,0.76501,1.50,1.50
2017.03.17 10:00:05.274,0.7648,0.76499,2.25,1.00
2017.03.17 10:00:06.361,0.76479,0.76501,2.25,1.75
2017.03.17 10:00:10.248,0.76482,0.765,1.12,1.00
2017.03.17 10:00:10.590,0.76485,0.76505,1.75,1.12
2017.03.17 10:00:11.389,0.7649,0.76508,1.00,1.75
2017.03.17 10:00:11.490,0.76486,0.76505,1.75,1.12
2017.03.17 10:00:12.001,0.76484,0.76506,3.37,1.00
2017.03.17 10:00:12.052,0.7649,0.7651,1.00,1.75
2017.03.17 10:00:12.718,0.76489,0.76505,1.00,1.00
2017.03.17 10:00:12.981,0.7649,0.7651,1.37,1.75
2017.03.17 10:00:13.037,0.7649,0.76509,1.75,1.00
2017.03.17 10:00:17.917,0.76495,0.76514,1.00,1.12
2017.03.17 10:00:18.017,0.76493,0.7651,1.00,1.50
2017.03.17 10:00:18.595,0.76493,0.7651,1.00,1.00
2017.03.17 10:00:19.191,0.76493,0.76511,1.00,1.00
2017.03.17 10:00:19.726,0.76493,0.7651,1.12,1.00
2017.03.17 10:00:23.748,0.76495,0.76512,1.00,1.00
2017.03.17 10:00:24.060,0.76493,0.7651,1.12,1.00
2017.03.17 10:00:24.362,0.76497,0.76512,1.00,1.00
2017.03.17 10:00:24.569,0.76496,0.76515,1.50,1.50
2017.03.17 10:00:24.956,0.765,0.76517,1.00,1.12
2017.03.17 10:00:25.107,0.765,0.7652,1.12,1.75
2017.03.17 10:00:25.778,0.765,0.76518,1.50,1.00
2017.03.17 10:00:31.926,0.76497,0.76515,1.75,1.12
2017.03.17 10:00:32.128,0.76496,0.76515,1.00,1.75
2017.03.17 10:00:33.222,0.76494,0.7651,1.12,1.00
2017.03.17 10:00:33.430,0.76493,0.7651,1.37,1.00
2017.03.17 10:00:33.690,0.76495,0.76512,1.00,1.00
2017.03.17 10:00:33.926,0.76499,0.76512,1.00,1.00
2017.03.17 10:00:34.219,0.765,0.7652,2.25,1.50
2017.03.17 10:00:36.886,0.76501,0.7652,2.25,1.37
2017.03.17 10:00:36.936,0.76501,0.76515,2.25,1.00
2017.03.17 10:00:37.133,0.76501,0.7652,1.75,1.00
2017.03.17 10:00:37.897,0.765,0.7652,1.75,1.50
2017.03.17 10:00:37.948,0.76498,0.76515,2.25,1.00
2017.03.17 10:00:38.351,0.76499,0.76515,1.00,1.00
2017.03.17 10:00:38.401,0.76499,0.76515,1.37,1.00
2017.03.17 10:00:38.552,0.76501,0.7652,1.37,1.75
2017.03.17 10:00:38.653,0.76503,0.7652,1.00,1.00
2017.03.17 10:00:39.233,0.76505,0.7652,1.00,1.00
2017.03.17 10:00:43.258,0.76505,0.76521,1.00,1.00
2017.03.17 10:00:44.024,0.76505,0.76521,1.37,1.00
2017.03.17 10:00:44.499,0.76506,0.76524,1.00,1.00
2017.03.17 10:00:44.654,0.76508,0.76525,1.00,1.12
2017.03.17 10:00:45.213,0.76509,0.76525,1.12,1.00
2017.03.17 10:00:45.943,0.76509,0.76526,1.12,1.00
2017.03.17 10:00:46.301,0.76509,0.76525,1.37,1.00
2017.03.17 10:00:46.875,0.76509,0.76525,1.12,1.00
2017.03.17 10:00:48.459,0.7651,0.7653,1.87,1.12
2017.03.17 10:00:48.510,0.76511,0.76525,2.25,1.00
2017.03.17 10:00:48.561,0.76511,0.7653,2.25,1.12
2017.03.17 10:00:49.082,0.76514,0.7653,1.00,1.00
2017.03.17 10:00:49.645,0.76514,0.76531,1.00,1.00
2017.03.17 10:00:51.226,0.76514,0.7653,1.00,1.00
2017.03.17 10:00:53.021,0.76512,0.7653,1.12,1.00
2017.03.17 10:00:55.258,0.76509,0.76531,3.37,1.87
2017.03.17 10:00:55.309,0.76509,0.76531,4.12,1.50
2017.03.17 10:00:55.410,0.76509,0.76525,2.62,1.00
2017.03.17 10:00:55.460,0.76506,0.76525,3.00,1.00
2017.03.17 10:00:55.662,0.76508,0.76525,1.00,1.50
2017.03.17 10:00:56.250,0.76507,0.76521,1.50,1.00
2017.03.17 10:00:57.440,0.76507,0.76525,1.50,1.50
2017.03.17 10:00:58.081,0.76507,0.76525,1.12,1.00
2017.03.17 10:00:58.641,0.76508,0.76525,1.75,1.00
2017.03.17 10:01:00.229,0.76508,0.76526,1.75,1.12
2017.03.17 10:01:00.774,0.76509,0.76526,1.00,1.12
2017.03.17 10:01:01.305,0.76508,0.76525,1.37,1.00
2017.03.17 10:01:02.867,0.76509,0.76526,1.00,1.12
2017.03.17 10:01:03.430,0.76508,0.76525,1.12,1.00
2017.03.17 10:01:03.944,0.76508,0.76526,1.12,1.00
2017.03.17 10:01:04.455,0.76509,0.76525,1.37,1.00
2017.03.17 10:01:18.116,0.76506,0.76525,1.75,1.50
2017.03.17 10:01:18.888,0.76506,0.76525,1.75,1.50
2017.03.17 10:01:28.430,0.76506,0.76525,1.37,1.50
2017.03.17 10:01:29.061,0.76505,0.76526,1.12,2.25
2017.03.17 10:01:30.557,0.76505,0.76524,1.37,1.12
2017.03.17 10:01:30.658,0.76505,0.76523,1.00,1.12
2017.03.17 10:01:33.569,0.76505,0.76522,1.00,1.00
2017.03.17 10:01:34.245,0.76505,0.76523,1.00,1.12
2017.03.17 10:01:37.704,0.76504,0.76525,1.00,2.47
2017.03.17 10:01:38.033,0.7651,0.7653,1.50,1.75
2017.03.17 10:01:38.134,0.7651,0.7653,1.50,1.75
2017.03.17 10:01:38.626,0.76507,0.76525,1.75,1.00
2017.03.17 10:01:38.828,0.76505,0.76525,3.00,1.50
2017.03.17 10:01:39.285,0.7651,0.76527,1.00,1.87
2017.03.17 10:01:39.335,0.76506,0.76525,1.37,1.50
2017.03.17 10:01:41.818,0.76503,0.7652,1.75,1.00
2017.03.17 10:01:42.650,0.76503,0.76521,1.75,1.00
2017.03.17 10:01:42.902,0.76505,0.7652,1.00,1.00
2017.03.17 10:01:43.153,0.765,0.7652,3.00,1.50
2017.03.17 10:01:43.989,0.765,0.7652,2.25,1.87
2017.03.17 10:01:44.040,0.765,0.76519,2.25,1.00
2017.03.17 10:01:44.588,0.765,0.7652,3.00,1.50
2017.03.17 10:01:45.114,0.76502,0.7652,1.37,1.12
2017.03.17 10:01:46.573,0.76502,0.7652,1.00,1.50
2017.03.17 10:01:48.351,0.76501,0.76521,1.12,1.50
2017.03.17 10:01:48.402,0.76499,0.76521,1.75,1.87
2017.03.17 10:01:48.703,0.76505,0.76521,1.00,1.00
2017.03.17 10:01:49.361,0.76504,0.76521,1.00,1.00
2017.03.17 10:01:49.756,0.7651,0.76527,1.00,4.50
2017.03.17 10:01:50.415,0.7651,0.76526,1.00,1.87
2017.03.17 10:01:50.613,0.76505,0.76526,1.87,2.62
2017.03.17 10:01:50.825,0.7651,0.76526,1.00,1.75
2017.03.17 10:01:51.225,0.7651,0.76529,1.00,2.10
2017.03.17 10:01:51.769,0.76508,0.76525,1.37,1.00
2017.03.17 10:01:51.888,0.76509,0.76529,1.37,1.72
2017.03.17 10:01:51.954,0.76509,0.76529,1.50,1.35
2017.03.17 10:01:54.093,0.76507,0.76525,1.12,1.00
2017.03.17 10:01:54.395,0.76505,0.76524,1.75,1.37
2017.03.17 10:01:56.590,0.76503,0.76521,1.12,1.00
2017.03.17 10:01:57.212,0.76505,0.76524,1.50,1.37
2017.03.17 10:01:57.805,0.76505,0.76526,1.00,2.62
2017.03.17 10:02:00.595,0.76507,0.76525,1.00,1.75
2017.03.17 10:02:00.696,0.76507,0.76525,1.12,1.75
2017.03.17 10:02:01.028,0.76506,0.7652,1.37,1.00
2017.03.17 10:02:02.094,0.76504,0.76526,1.87,1.87
2017.03.17 10:02:02.922,0.76505,0.7652,1.12,1.00
2017.03.17 10:02:03.340,0.76506,0.76525,1.37,1.75
2017.03.17 10:02:03.553,0.76505,0.76525,1.75,1.12
2017.03.17 10:02:03.866,0.76505,0.76525,1.75,1.75
2017.03.17 10:02:05.501,0.76506,0.76526,1.75,1.75
2017.03.17 10:02:05.750,0.76507,0.76526,1.00,1.87
2017.03.17 10:02:06.028,0.76505,0.76525,2.25,1.75
2017.03.17 10:02:06.358,0.76508,0.76525,1.00,1.75
2017.03.17 10:02:07.407,0.76507,0.76525,1.00,1.50
2017.03.17 10:02:07.476,0.76507,0.76525,1.00,1.50
2017.03.17 10:02:07.875,0.76507,0.7652,1.00,1.00
2017.03.17 10:02:07.998,0.76508,0.76525,1.00,1.50
2017.03.17 10:02:08.048,0.7651,0.76525,1.00,1.00
2017.03.17 10:02:08.551,0.76508,0.76526,1.50,1.00
2017.03.17 10:02:09.063,0.7651,0.76529,1.12,1.50
2017.03.17 10:02:09.765,0.76509,0.76525,1.37,1.00
2017.03.17 10:02:11.402,0.76507,0.76526,2.25,1.00
2017.03.17 10:02:11.913,0.76507,0.76525,1.75,1.00
2017.03.17 10:02:12.221,0.76508,0.7652,1.00,1.00
2017.03.17 10:02:12.513,0.76508,0.76525,1.00,1.00
2017.03.17 10:02:13.178,0.76508,0.76524,1.00,1.00
2017.03.17 10:02:13.964,0.76508,0.76525,1.00,1.50
2017.03.17 10:02:16.115,0.76508,0.7652,1.00,1.00
2017.03.17 10:02:18.325,0.76508,0.76525,1.00,1.50
2017.03.17 10:02:19.482,0.76508,0.76521,1.00,1.00
2017.03.17 10:02:19.891,0.76508,0.76525,1.00,1.50
2017.03.17 10:02:20.024,0.76508,0.7652,1.00,1.00
2017.03.17 10:02:20.125,0.76508,0.76525,1.00,1.00
2017.03.17 10:02:20.276,0.76508,0.76525,1.00,1.75
2017.03.17 10:02:20.477,0.76509,0.76525,1.50,1.00
2017.03.17 10:02:20.764,0.76505,0.76525,1.50,1.75
2017.03.17 10:02:20.865,0.76505,0.76525,1.75,1.50
2017.03.17 10:02:21.372,0.76508,0.76526,1.00,1.75
2017.03.17 10:02:21.573,0.76507,0.76525,1.75,1.50
2017.03.17 10:02:21.674,0.76507,0.76525,1.37,1.37
2017.03.17 10:02:22.082,0.7651,0.76527,1.00,1.75
2017.03.17 10:02:22.183,0.7651,0.76528,1.12,1.50
2017.03.17 10:02:22.344,0.7651,0.76529,1.37,1.75
2017.03.17 10:02:22.445,0.7651,0.76528,1.50,1.37
2017.03.17 10:02:22.496,0.7651,0.76528,1.50,1.00
2017.03.17 10:02:23.117,0.7651,0.76529,1.50,1.87
2017.03.17 10:02:23.465,0.7651,0.76528,1.50,1.50
2017.03.17 10:02:23.616,0.76505,0.76525,1.75,1.87
2017.03.17 10:02:23.717,0.76507,0.76525,1.00,2.62
2017.03.17 10:02:24.391,0.76509,0.76525,1.00,1.00
2017.03.17 10:02:24.715,0.76508,0.76525,1.12,1.00
2017.03.17 10:02:26.658,0.76505,0.76522,2.25,1.00
2017.03.17 10:02:26.960,0.76504,0.76518,2.25,1.00
2017.03.17 10:02:27.010,0.76506,0.76518,1.00,1.00
2017.03.17 10:02:27.574,0.76502,0.76517,1.75,1.00
2017.03.17 10:02:28.330,0.76501,0.76518,1.75,1.00
2017.03.17 10:02:28.896,0.76502,0.76517,1.75,1.00
2017.03.17 10:02:31.609,0.765,0.76518,1.75,1.00
2017.03.17 10:02:32.630,0.765,0.76517,1.75,1.00
2017.03.17 10:02:33.187,0.765,0.76516,2.62,1.00
2017.03.17 10:02:34.549,0.76501,0.76517,1.12,1.00
2017.03.17 10:02:34.600,0.76501,0.76517,1.37,1.00
2017.03.17 10:02:34.701,0.76501,0.76515,2.25,1.00
2017.03.17 10:02:34.825,0.76501,0.76518,2.25,1.00
2017.03.17 10:02:34.977,0.76505,0.7652,1.00,1.87
2017.03.17 10:02:35.498,0.76506,0.7652,1.00,1.50
2017.03.17 10:02:36.049,0.76506,0.76519,1.00,1.00
2017.03.17 10:02:36.281,0.76505,0.76523,1.50,1.37
2017.03.17 10:02:36.895,0.76505,0.76523,1.00,1.87
2017.03.17 10:02:37.544,0.76504,0.76524,1.50,1.37
2017.03.17 10:02:38.299,0.76507,0.76525,1.00,1.50
2017.03.17 10:02:38.406,0.76507,0.76525,1.12,1.50
2017.03.17 10:02:41.154,0.76509,0.76525,1.00,1.00
2017.03.17 10:02:41.730,0.76505,0.76525,2.25,1.00
2017.03.17 10:02:42.247,0.7651,0.76528,1.12,1.12
2017.03.17 10:02:42.549,0.76509,0.76525,1.00,1.37
2017.03.17 10:02:43.206,0.76506,0.76525,1.37,1.50
2017.03.17 10:02:43.458,0.7651,0.76528,1.00,2.25
2017.03.17 10:02:44.069,0.76509,0.76527,1.12,1.37
2017.03.17 10:02:44.422,0.76509,0.76526,1.00,1.75
2017.03.17 10:02:44.577,0.76509,0.76526,1.12,1.12
2017.03.17 10:02:45.235,0.7651,0.76528,1.00,1.75
2017.03.17 10:02:45.750,0.7651,0.76529,1.00,1.12
2017.03.17 10:02:48.871,0.76509,0.76527,1.00,1.75
2017.03.17 10:02:49.380,0.7651,0.76525,1.00,1.00
2017.03.17 10:02:52.610,0.7651,0.76525,1.50,1.00
2017.03.17 10:02:52.660,0.7651,0.76525,1.00,1.00
2017.03.17 10:02:52.972,0.7651,0.76527,1.00,1.75
2017.03.17 10:02:53.367,0.7651,0.76528,1.12,1.00
2017.03.17 10:02:53.417,0.7651,0.76528,1.50,1.00
2017.03.17 10:02:53.606,0.7651,0.76528,1.00,1.00
2017.03.17 10:02:55.726,0.76509,0.76528,1.50,1.37
2017.03.17 10:02:55.877,0.76509,0.76528,1.00,1.12
2017.03.17 10:02:56.179,0.76504,0.76524,1.75,1.12
2017.03.17 10:02:56.280,0.76504,0.76522,1.12,1.00
2017.03.17 10:02:57.661,0.76505,0.76522,1.00,1.00
2017.03.17 10:03:01.074,0.76505,0.76524,1.50,1.12
2017.03.17 10:03:01.595,0.76505,0.76524,1.75,1.00
2017.03.17 10:03:02.948,0.7651,0.76526,1.00,2.25
2017.03.17 10:03:03.099,0.7651,0.76526,1.12,1.12
2017.03.17 10:03:03.200,0.7651,0.76526,1.00,1.75
2017.03.17 10:03:03.715,0.76506,0.76525,1.12,1.50
2017.03.17 10:03:04.956,0.76509,0.76527,1.00,1.75
2017.03.17 10:03:05.208,0.76509,0.76528,1.50,1.75
2017.03.17 10:03:05.494,0.76507,0.76526,1.37,1.75
2017.03.17 10:03:05.997,0.76509,0.76528,1.00,2.25
2017.03.17 10:03:06.099,0.76509,0.76527,1.00,1.00
2017.03.17 10:03:06.201,0.76509,0.76528,1.75,1.50
2017.03.17 10:03:06.889,0.76509,0.76528,1.75,2.25
2017.03.17 10:03:07.411,0.76505,0.76525,4.50,1.00
2017.03.17 10:03:07.588,0.76505,0.76525,1.87,1.12
2017.03.17 10:03:07.689,0.76505,0.76525,1.87,1.87
2017.03.17 10:03:08.360,0.76505,0.76523,1.75,1.37
2017.03.17 10:03:08.411,0.76505,0.76523,1.75,1.50
2017.03.17 10:03:08.512,0.76505,0.76521,1.00,1.12
2017.03.17 10:03:08.840,0.765,0.76519,1.00,1.75
2017.03.17 10:03:09.685,0.765,0.7652,1.50,1.75
2017.03.17 10:03:09.780,0.76501,0.76519,1.37,1.00
2017.03.17 10:03:09.881,0.76504,0.76519,1.12,1.00
2017.03.17 10:03:10.398,0.76501,0.76521,1.12,1.50
2017.03.17 10:03:10.815,0.76505,0.76523,1.00,1.75
2017.03.17 10:03:11.610,0.76502,0.7652,1.37,1.12
2017.03.17 10:03:11.862,0.765,0.76518,1.37,1.37
2017.03.17 10:03:11.912,0.76499,0.76515,1.12,1.00
2017.03.17 10:03:12.499,0.76499,0.76519,1.50,1.87
2017.03.17 10:03:12.701,0.76499,0.76519,1.87,1.87
2017.03.17 10:03:15.444,0.76501,0.7652,1.50,1.75
2017.03.17 10:03:15.495,0.76501,0.7652,1.87,1.37
2017.03.17 10:03:16.060,0.76505,0.76522,1.00,1.75
2017.03.17 10:03:16.110,0.76503,0.7652,1.50,1.37
2017.03.17 10:03:16.462,0.76505,0.76522,1.00,1.75
2017.03.17 10:03:16.982,0.76503,0.7652,1.50,1.37
2017.03.17 10:03:17.208,0.76505,0.76522,1.00,1.75
2017.03.17 10:03:17.563,0.7651,0.76529,1.00,2.62
2017.03.17 10:03:17.613,0.7651,0.7653,1.12,2.25
2017.03.17 10:03:19.319,0.7651,0.7653,1.87,1.75
2017.03.17 10:03:19.639,0.76509,0.76525,1.50,1.00
2017.03.17 10:03:19.890,0.76506,0.76525,1.50,1.87
2017.03.17 10:03:19.991,0.76503,0.7652,1.50,1.00
2017.03.17 10:03:20.092,0.76501,0.76519,1.12,1.00
2017.03.17 10:03:20.495,0.765,0.76518,1.12,1.75
2017.03.17 10:03:20.802,0.765,0.76516,1.00,1.75
2017.03.17 10:03:21.018,0.76495,0.76515,2.62,2.25
2017.03.17 10:03:21.422,0.76496,0.76515,1.00,2.25
2017.03.17 10:03:23.351,0.76496,0.76515,1.50,1.75
2017.03.17 10:03:23.502,0.76499,0.76515,1.00,1.12
2017.03.17 10:03:27.042,0.76497,0.76515,1.87,1.37
2017.03.17 10:03:27.657,0.76497,0.76515,1.50,1.50
2017.03.17 10:03:28.747,0.76497,0.76515,1.50,1.50
2017.03.17 10:03:29.571,0.765,0.7652,1.00,2.62
2017.03.17 10:03:29.723,0.76499,0.76518,2.25,1.00
2017.03.17 10:03:32.046,0.76505,0.76522,1.00,1.75
2017.03.17 10:03:33.250,0.76502,0.7652,1.00,1.75
2017.03.17 10:03:34.014,0.765,0.76518,1.37,1.37
2017.03.17 10:03:34.065,0.765,0.76518,1.00,1.12
2017.03.17 10:03:34.115,0.76497,0.76515,1.87,1.50
2017.03.17 10:03:34.166,0.76497,0.76515,2.25,1.50
2017.03.17 10:03:34.319,0.765,0.7652,1.87,1.37
2017.03.17 10:03:34.471,0.765,0.7652,1.87,1.37
2017.03.17 10:03:34.622,0.76501,0.76519,1.00,1.00
2017.03.17 10:03:35.005,0.76501,0.76519,1.37,1.00
2017.03.17 10:03:35.353,0.76505,0.76525,1.50,3.75
2017.03.17 10:03:35.586,0.76504,0.7652,1.00,1.12
2017.03.17 10:03:36.977,0.76503,0.7652,1.00,1.37
2017.03.17 10:03:37.279,0.76503,0.7652,1.12,1.12
2017.03.17 10:03:37.531,0.76505,0.76523,1.87,1.50
2017.03.17 10:03:39.597,0.76502,0.7652,1.12,1.00
2017.03.17 10:03:39.769,0.765,0.76519,1.87,1.37
2017.03.17 10:03:39.871,0.765,0.7652,1.75,1.75
2017.03.17 10:03:39.921,0.765,0.76519,1.75,1.00
2017.03.17 10:03:39.972,0.765,0.7652,3.37,2.25
2017.03.17 10:03:40.322,0.76504,0.76526,2.25,1.75
2017.03.17 10:03:40.524,0.76504,0.7652,1.75,1.00
2017.03.17 10:03:40.625,0.76504,0.76525,2.62,1.12
2017.03.17 10:03:40.970,0.76503,0.76521,1.75,1.37
2017.03.17 10:03:41.285,0.765,0.7652,1.87,1.37
2017.03.17 10:03:41.436,0.765,0.7652,1.50,1.75
2017.03.17 10:03:44.171,0.76499,0.76521,2.25,3.00
2017.03.17 10:03:44.272,0.76501,0.76521,1.37,3.00
2017.03.17 10:03:45.478,0.76501,0.7652,1.75,1.50
2017.03.17 10:03:45.560,0.76505,0.76521,1.00,1.75
2017.03.17 10:03:45.661,0.76501,0.7652,1.75,1.50
2017.03.17 10:03:45.976,0.76504,0.76523,1.87,1.75
2017.03.17 10:03:46.158,0.765,0.76521,1.12,2.25
2017.03.17 10:03:46.209,0.765,0.7652,1.87,1.50
2017.03.17 10:03:46.259,0.765,0.7652,1.87,1.87
2017.03.17 10:03:46.668,0.765,0.7652,1.50,1.87
2017.03.17 10:03:47.184,0.76499,0.76521,1.12,1.75
2017.03.17 10:03:48.002,0.76499,0.76519,1.87,1.75
2017.03.17 10:03:48.511,0.765,0.76519,1.00,1.75
2017.03.17 10:03:51.322,0.76499,0.7652,2.25,3.00
2017.03.17 10:03:52.018,0.765,0.7652,1.50,3.00
2017.03.17 10:03:52.733,0.76497,0.76516,1.87,1.12
2017.03.17 10:03:53.043,0.765,0.76519,1.00,2.25
2017.03.17 10:03:53.708,0.76498,0.76515,1.50,1.12
2017.03.17 10:03:53.960,0.76502,0.7652,1.00,1.50
2017.03.17 10:03:54.225,0.76502,0.7652,1.87,1.12
2017.03.17 10:03:54.915,0.76505,0.76524,1.00,3.00
2017.03.17 10:03:55.589,0.76505,0.76523,1.00,1.75
2017.03.17 10:03:56.294,0.76505,0.76523,1.12,1.75
2017.03.17 10:03:56.398,0.76505,0.76522,1.12,1.00
2017.03.17 10:03:58.039,0.76503,0.7652,1.00,1.00
2017.03.17 10:03:58.467,0.76505,0.76522,1.00,2.25
2017.03.17 10:03:58.586,0.76501,0.7652,1.75,1.50
2017.03.17 10:03:59.221,0.76505,0.76523,1.00,1.75
2017.03.17 10:03:59.322,0.76505,0.76523,1.00,1.50
2017.03.17 10:03:59.372,0.76503,0.7652,1.00,1.00
2017.03.17 10:03:59.879,0.76502,0.7652,2.25,1.00
2017.03.17 10:03:59.929,0.76504,0.76523,1.12,1.50
2017.03.17 10:04:00.451,0.76502,0.7652,2.25,1.00
2017.03.17 10:04:00.817,0.765,0.7652,1.87,2.25
2017.03.17 10:04:01.283,0.765,0.7652,2.25,1.50
2017.03.17 10:04:01.648,0.76501,0.76515,1.12,1.00
2017.03.17 10:04:01.858,0.76498,0.76515,1.37,1.12
2017.03.17 10:04:02.009,0.76496,0.76515,1.12,1.75
2017.03.17 10:04:02.144,0.765,0.76516,1.00,1.75
2017.03.17 10:04:02.646,0.765,0.76517,1.00,1.87
2017.03.17 10:04:03.049,0.76498,0.76515,1.00,1.50
2017.03.17 10:04:03.351,0.76495,0.76515,1.87,2.25
2017.03.17 10:04:03.452,0.76495,0.76514,1.00,1.75
2017.03.17 10:04:04.937,0.76495,0.76515,1.12,2.62
2017.03.17 10:04:05.573,0.76495,0.76516,1.12,3.60
2017.03.17 10:04:05.623,0.76494,0.76515,2.25,1.12
2017.03.17 10:04:07.239,0.76497,0.76515,1.00,1.87
2017.03.17 10:04:10.424,0.76497,0.7651,1.00,1.00
2017.03.17 10:04:10.475,0.76497,0.76515,1.00,2.25
2017.03.17 10:04:10.731,0.76497,0.76515,1.37,1.00
2017.03.17 10:04:10.782,0.76497,0.76515,1.12,1.50
2017.03.17 10:04:10.933,0.76495,0.76514,1.87,1.00
2017.03.17 10:04:11.481,0.76495,0.76514,1.87,1.00
2017.03.17 10:04:12.101,0.76495,0.76514,1.87,1.00
2017.03.17 10:04:12.405,0.76495,0.76515,1.50,1.50
2017.03.17 10:04:12.969,0.76495,0.76514,1.75,1.00
2017.03.17 10:04:14.824,0.76492,0.7651,1.12,1.00
2017.03.17 10:04:15.082,0.76492,0.7651,1.00,1.50
2017.03.17 10:04:15.227,0.7649,0.76509,1.12,1.00
2017.03.17 10:04:15.412,0.7649,0.7651,1.87,1.50
2017.03.17 10:04:16.219,0.7649,0.7651,1.87,1.50
2017.03.17 10:04:16.527,0.7649,0.76506,1.75,1.00
2017.03.17 10:04:16.678,0.76485,0.76504,1.50,1.00
2017.03.17 10:04:16.779,0.76485,0.76504,1.87,1.00
2017.03.17 10:04:17.334,0.76487,0.76505,1.37,1.50
2017.03.17 10:04:19.082,0.76484,0.76502,1.75,1.00
2017.03.17 10:04:19.183,0.76484,0.76502,1.75,1.12
2017.03.17 10:04:20.071,0.76486,0.76505,1.00,1.87
2017.03.17 10:04:21.023,0.76485,0.76505,1.12,1.87
2017.03.17 10:04:21.599,0.76485,0.76505,1.87,2.62
2017.03.17 10:04:26.602,0.76486,0.76505,1.12,1.12
2017.03.17 10:04:27.922,0.7649,0.76507,1.00,1.00
2017.03.17 10:04:28.073,0.7649,0.76509,1.50,1.00
2017.03.17 10:04:28.174,0.7649,0.7651,1.50,1.37
2017.03.17 10:04:28.679,0.76493,0.7651,1.00,1.00
2017.03.17 10:04:29.077,0.76493,0.7651,1.12,1.00
2017.03.17 10:04:29.266,0.76495,0.76512,1.12,1.30
2017.03.17 10:04:30.623,0.76492,0.7651,1.12,1.00
2017.03.17 10:04:30.890,0.7649,0.7651,1.50,1.87
2017.03.17 10:04:30.991,0.7649,0.7651,1.50,1.50
2017.03.17 10:04:31.514,0.76492,0.7651,1.50,1.00
2017.03.17 10:04:32.026,0.76492,0.7651,1.75,1.00
2017.03.17 10:04:32.597,0.76493,0.76511,1.87,1.00
2017.03.17 10:04:33.408,0.76495,0.76514,1.75,1.37
2017.03.17 10:04:33.559,0.76492,0.7651,1.75,1.37
2017.03.17 10:04:33.705,0.7649,0.76507,1.37,1.00
2017.03.17 10:04:33.805,0.7649,0.76507,1.00,1.00
2017.03.17 10:04:34.703,0.7649,0.7651,1.50,1.75
2017.03.17 10:04:35.225,0.76492,0.7651,1.00,1.75
2017.03.17 10:04:35.594,0.76491,0.7651,1.12,1.37
2017.03.17 10:04:35.695,0.76495,0.76514,1.00,1.75
2017.03.17 10:04:36.204,0.76495,0.76515,1.00,5.25
2017.03.17 10:04:36.487,0.76495,0.76514,1.12,1.75
2017.03.17 10:04:36.538,0.76495,0.76514,1.00,1.75
2017.03.17 10:04:38.309,0.76495,0.76514,1.00,3.37
2017.03.17 10:04:38.359,0.76491,0.7651,1.50,1.75
2017.03.17 10:04:38.410,0.76491,0.7651,1.12,1.50
2017.03.17 10:04:38.611,0.76494,0.76514,1.50,1.12
2017.03.17 10:04:38.813,0.76495,0.76514,1.50,1.00
2017.03.17 10:04:41.753,0.76499,0.76516,1.00,1.50
2017.03.17 10:04:42.130,0.76498,0.76516,1.12,1.00
2017.03.17 10:04:42.468,0.765,0.76518,1.00,1.12
2017.03.17 10:04:42.569,0.765,0.76518,1.50,1.12
2017.03.17 10:04:43.090,0.765,0.76515,1.00,1.00
2017.03.17 10:04:44.447,0.765,0.76518,1.87,1.00
2017.03.17 10:04:45.528,0.765,0.76518,1.12,1.50
2017.03.17 10:04:49.937,0.765,0.76518,1.00,1.37
2017.03.17 10:04:50.319,0.76497,0.76515,1.37,1.50
2017.03.17 10:04:50.926,0.76495,0.76515,1.87,2.25
2017.03.17 10:04:51.464,0.76496,0.76515,1.12,1.50
2017.03.17 10:04:52.378,0.76497,0.76515,1.00,1.50
2017.03.17 10:04:55.212,0.76496,0.76515,1.12,1.50
2017.03.17 10:04:55.948,0.76497,0.76515,1.00,1.50
2017.03.17 10:04:59.054,0.76495,0.76515,1.75,1.87
2017.03.17 10:04:59.358,0.76495,0.76515,1.87,1.50
2017.03.17 10:05:01.491,0.765,0.76515,1.00,1.50
2017.03.17 10:05:01.540,0.76495,0.76515,1.87,2.25
2017.03.17 10:05:02.863,0.76494,0.76515,1.87,1.12
2017.03.17 10:05:04.522,0.76495,0.76515,1.50,1.75
2017.03.17 10:05:05.221,0.76495,0.76515,1.12,1.75
2017.03.17 10:05:05.829,0.76493,0.7651,1.37,1.00
2017.03.17 10:05:05.881,0.76493,0.7651,1.12,1.12
2017.03.17 10:05:07.512,0.76495,0.76511,1.00,1.37
2017.03.17 10:05:08.015,0.76495,0.76513,1.00,1.12
2017.03.17 10:05:08.240,0.76491,0.7651,1.37,1.50
2017.03.17 10:05:09.157,0.76495,0.76513,1.00,1.12
2017.03.17 10:05:09.669,0.76495,0.76514,1.00,2.62
2017.03.17 10:05:10.658,0.76494,0.76514,1.12,1.75
2017.03.17 10:05:11.817,0.7649,0.7651,1.50,1.12
2017.03.17 10:05:12.552,0.7649,0.7651,1.37,1.87
2017.03.17 10:05:13.139,0.7649,0.7651,1.00,1.75
2017.03.17 10:05:15.421,0.7649,0.76509,1.00,1.12
2017.03.17 10:05:16.113,0.7649,0.76509,1.00,1.12
2017.03.17 10:05:19.655,0.7649,0.76509,1.37,1.37
2017.03.17 10:05:19.706,0.7649,0.76509,2.25,1.37
2017.03.17 10:05:23.353,0.7649,0.76508,1.37,1.37
2017.03.17 10:05:23.403,0.7649,0.76508,1.00,1.12
2017.03.17 10:05:24.716,0.76487,0.76505,1.75,1.50
2017.03.17 10:05:25.858,0.7649,0.76507,1.00,1.12
2017.03.17 10:05:26.729,0.76486,0.76505,1.87,1.12
2017.03.17 10:05:26.779,0.76483,0.765,3.37,1.50
2017.03.17 10:05:26.880,0.76485,0.765,1.00,1.12
2017.03.17 10:05:26.931,0.7648,0.765,3.37,1.50
2017.03.17 10:05:27.032,0.76478,0.76495,2.25,1.00
2017.03.17 10:05:27.552,0.76475,0.76495,4.50,1.00
2017.03.17 10:05:30.559,0.7648,0.76498,1.12,1.75
2017.03.17 10:05:31.472,0.7648,0.76498,1.12,1.50
2017.03.17 10:05:33.299,0.7648,0.765,1.50,1.87
2017.03.17 10:05:33.934,0.7648,0.76501,1.50,1.37
2017.03.17 10:05:34.086,0.76483,0.76501,1.00,1.50
2017.03.17 10:05:35.827,0.76483,0.765,1.00,1.12
2017.03.17 10:05:36.164,0.7648,0.765,2.62,1.00
2017.03.17 10:05:39.078,0.76481,0.765,1.12,1.00
2017.03.17 10:05:41.488,0.7648,0.765,1.00,1.12
2017.03.17 10:05:41.539,0.7648,0.765,1.37,1.50
2017.03.17 10:05:51.275,0.7648,0.765,1.75,1.50
2017.03.17 10:05:52.180,0.7648,0.765,1.75,2.25
2017.03.17 10:05:54.268,0.76485,0.76501,1.00,1.50
2017.03.17 10:05:54.592,0.76485,0.76505,1.37,1.75
2017.03.17 10:05:54.643,0.76485,0.76505,1.75,1.50
2017.03.17 10:05:57.686,0.7649,0.76506,1.00,1.75
2017.03.17 10:05:57.737,0.76486,0.76505,1.37,1.50
2017.03.17 10:05:57.917,0.76485,0.76505,1.50,1.75
2017.03.17 10:05:58.018,0.76485,0.76504,1.87,1.00
2017.03.17 10:05:58.528,0.76485,0.76505,1.50,1.87
2017.03.17 10:05:59.805,0.7649,0.76507,1.00,1.12
2017.03.17 10:06:00.222,0.7649,0.7651,1.50,2.62
2017.03.17 10:06:00.524,0.76488,0.76505,1.37,1.12
2017.03.17 10:06:01.417,0.7649,0.7651,1.37,2.25
2017.03.17 10:06:01.993,0.7649,0.7651,1.37,1.75
2017.03.17 10:06:02.329,0.76495,0.76511,1.00,1.75
2017.03.17 10:06:03.086,0.76492,0.76511,1.12,2.25
2017.03.17 10:06:03.596,0.76491,0.7651,2.25,1.50
2017.03.17 10:06:04.195,0.76495,0.76512,1.00,1.75
2017.03.17 10:06:04.803,0.76492,0.7651,1.12,1.50
2017.03.17 10:06:05.323,0.7649,0.7651,1.87,1.75
2017.03.17 10:06:06.257,0.76495,0.76512,1.00,1.87
2017.03.17 10:06:06.657,0.76495,0.76513,1.12,1.75
2017.03.17 10:06:06.708,0.76495,0.76515,1.50,1.75
2017.03.17 10:06:06.909,0.76495,0.76515,1.87,1.50
2017.03.17 10:06:07.010,0.76496,0.76511,1.00,1.00
2017.03.17 10:06:07.255,0.76494,0.76515,1.12,2.62
2017.03.17 10:06:07.900,0.76495,0.76515,1.12,1.75
2017.03.17 10:06:08.268,0.765,0.76518,1.00,2.62
2017.03.17 10:06:08.533,0.76495,0.76515,1.37,1.75
2017.03.17 10:06:09.919,0.76495,0.76514,1.00,1.50
2017.03.17 10:06:10.469,0.76495,0.76514,1.50,1.12
2017.03.17 10:06:13.446,0.76495,0.76515,2.62,1.12
2017.03.17 10:06:13.749,0.76495,0.76515,1.75,1.75
2017.03.17 10:06:14.084,0.76499,0.76517,1.00,1.87
2017.03.17 10:06:14.261,0.76495,0.76515,1.75,1.12
2017.03.17 10:06:16.131,0.765,0.76516,1.00,1.50
2017.03.17 10:06:16.282,0.765,0.76517,1.12,1.12
2017.03.17 10:06:16.383,0.76497,0.76515,1.87,1.00
2017.03.17 10:06:16.558,0.76496,0.76515,1.00,1.75
2017.03.17 10:06:16.760,0.76495,0.76512,1.00,1.37
2017.03.17 10:06:17.073,0.76495,0.76512,1.00,1.75
2017.03.17 10:06:17.227,0.76495,0.76513,1.00,1.12
2017.03.17 10:06:17.851,0.76495,0.76514,1.00,3.00
2017.03.17 10:06:17.956,0.7649,0.76508,1.12,1.00
2017.03.17 10:06:18.467,0.76489,0.76508,1.87,1.00
2017.03.17 10:06:18.567,0.76489,0.7651,1.50,1.12
2017.03.17 10:06:19.127,0.76489,0.76511,1.50,1.75
2017.03.17 10:06:19.842,0.7649,0.76511,1.12,2.62
2017.03.17 10:06:20.044,0.7649,0.7651,1.37,1.75
2017.03.17 10:06:20.346,0.76491,0.7651,1.12,1.75
2017.03.17 10:06:20.396,0.76491,0.7651,1.00,1.75
2017.03.17 10:06:20.447,0.76495,0.76513,1.00,4.12
2017.03.17 10:06:20.497,0.7649,0.7651,1.87,1.37
2017.03.17 10:06:20.548,0.76491,0.7651,1.12,1.12
2017.03.17 10:06:21.103,0.76495,0.76512,1.00,1.12
2017.03.17 10:06:21.950,0.76495,0.76515,1.12,1.87
2017.03.17 10:06:22.051,0.76495,0.76515,1.50,1.87
2017.03.17 10:06:23.593,0.76496,0.76516,1.50,1.87
2017.03.17 10:06:23.694,0.765,0.76518,1.12,1.37
2017.03.17 10:06:23.845,0.76503,0.7652,1.00,1.12
2017.03.17 10:06:24.073,0.76501,0.7652,1.12,1.12
2017.03.17 10:06:25.096,0.76505,0.76524,1.50,2.85
2017.03.17 10:06:25.196,0.76505,0.76524,1.50,1.87
2017.03.17 10:06:25.247,0.76505,0.76524,1.50,1.87
2017.03.17 10:06:25.782,0.76504,0.76523,1.75,1.00
2017.03.17 10:06:27.152,0.76505,0.76524,1.12,1.37
2017.03.17 10:06:27.386,0.76501,0.76519,1.00,1.00
2017.03.17 10:06:27.469,0.76505,0.76519,1.00,1.00
2017.03.17 10:06:27.761,0.76505,0.76522,1.12,1.00
2017.03.17 10:06:27.880,0.76502,0.7652,1.12,1.00
2017.03.17 10:06:27.993,0.76505,0.76523,1.12,1.37
2017.03.17 10:06:28.361,0.76504,0.76522,1.12,1.12
2017.03.17 10:06:28.512,0.765,0.76519,1.75,1.00
2017.03.17 10:06:28.694,0.765,0.76518,1.50,1.37
2017.03.17 10:06:28.996,0.765,0.76518,1.00,1.75
2017.03.17 10:06:29.299,0.76505,0.76518,1.00,1.12
2017.03.17 10:06:29.349,0.765,0.76518,1.37,1.12
2017.03.17 10:06:29.852,0.76499,0.76518,1.50,1.12
2017.03.17 10:06:30.163,0.76505,0.76517,1.00,1.12
2017.03.17 10:06:30.214,0.765,0.76517,1.00,1.12
2017.03.17 10:06:30.415,0.765,0.76519,1.50,1.12
2017.03.17 10:06:31.723,0.76497,0.76515,1.12,1.00
2017.03.17 10:06:31.925,0.76495,0.76514,1.75,1.00
2017.03.17 10:06:31.975,0.76495,0.76515,1.50,1.37
2017.03.17 10:06:32.510,0.76495,0.76515,1.87,1.75
2017.03.17 10:06:32.747,0.76499,0.76517,1.00,1.12
2017.03.17 10:06:33.018,0.765,0.76516,1.00,1.00
2017.03.17 10:06:34.197,0.765,0.76519,1.12,1.87
2017.03.17 10:06:35.108,0.765,0.76518,1.12,2.25
2017.03.17 10:06:35.270,0.76495,0.76515,1.87,1.37
2017.03.17 10:06:35.321,0.76494,0.76513,1.75,1.37
2017.03.17 10:06:35.371,0.76494,0.76514,1.37,1.37
2017.03.17 10:06:36.732,0.76494,0.76513,1.00,1.87
2017.03.17 10:06:37.009,0.76494,0.76513,1.50,1.87
2017.03.17 10:06:37.110,0.76495,0.76516,1.37,1.75
2017.03.17 10:06:37.211,0.765,0.76516,1.00,1.00
2017.03.17 10:06:37.262,0.76498,0.76515,1.00,1.87
2017.03.17 10:06:37.413,0.76494,0.76514,1.00,1.87
2017.03.17 10:06:37.920,0.76495,0.76513,1.00,1.12
2017.03.17 10:06:38.071,0.76495,0.76512,1.00,1.37
2017.03.17 10:06:38.580,0.76494,0.76512,1.00,1.87
2017.03.17 10:06:38.917,0.76499,0.76514,1.00,3.37
2017.03.17 10:06:39.118,0.765,0.76517,1.00,1.50
2017.03.17 10:06:39.320,0.76495,0.76514,1.75,1.00
2017.03.17 10:06:39.370,0.76495,0.76515,1.75,1.87
2017.03.17 10:06:39.693,0.765,0.76514,1.00,1.12
2017.03.17 10:06:40.771,0.765,0.76514,1.00,1.12
2017.03.17 10:06:41.465,0.76495,0.76513,1.00,1.12
2017.03.17 10:06:41.982,0.76495,0.76514,1.37,1.12
2017.03.17 10:06:42.375,0.76499,0.76513,1.00,1.37
2017.03.17 10:06:42.621,0.76499,0.76514,1.00,1.00
2017.03.17 10:06:43.282,0.76499,0.76515,1.00,1.75
2017.03.17 10:06:43.801,0.76499,0.76516,1.00,1.12
2017.03.17 10:06:46.426,0.765,0.76518,1.00,2.25
2017.03.17 10:06:46.896,0.76499,0.76516,1.00,1.87
2017.03.17 10:06:47.061,0.76496,0.76516,1.00,2.62
2017.03.17 10:06:47.134,0.765,0.76516,1.00,1.87
2017.03.17 10:06:47.185,0.76498,0.76515,1.00,2.25
2017.03.17 10:06:47.235,0.765,0.76518,1.00,1.75
2017.03.17 10:06:47.336,0.76495,0.76515,1.75,1.87
2017.03.17 10:06:47.530,0.765,0.76515,1.00,1.12
2017.03.17 10:06:47.631,0.76495,0.76515,1.50,1.75
2017.03.17 10:06:48.116,0.765,0.76514,1.00,1.75
2017.03.17 10:06:48.217,0.765,0.76516,1.00,1.87
2017.03.17 10:06:48.318,0.765,0.76516,1.00,1.87
2017.03.17 10:06:48.705,0.765,0.76514,1.00,1.00
2017.03.17 10:06:50.621,0.76495,0.76513,1.75,1.67
2017.03.17 10:06:50.942,0.7649,0.76509,2.25,1.50
2017.03.17 10:06:50.993,0.7649,0.76509,1.12,1.75
2017.03.17 10:06:51.295,0.7649,0.76505,1.00,1.37
2017.03.17 10:06:53.704,0.7649,0.76505,1.00,1.00
2017.03.17 10:06:54.411,0.76489,0.76505,1.00,1.37
2017.03.17 10:06:54.462,0.76489,0.76504,1.00,1.87
2017.03.17 10:06:54.562,0.76485,0.76502,1.50,1.37
2017.03.17 10:06:54.613,0.76485,0.76502,1.12,1.75
2017.03.17 10:06:54.915,0.76485,0.76503,1.00,2.62
2017.03.17 10:06:55.116,0.76485,0.76503,1.12,1.37
2017.03.17 10:06:55.302,0.76485,0.76503,1.00,1.87
2017.03.17 10:06:55.604,0.76489,0.76506,1.00,1.87
2017.03.17 10:06:56.152,0.76489,0.76507,1.00,1.87
2017.03.17 10:07:00.609,0.76489,0.76505,1.50,1.00
2017.03.17 10:07:01.101,0.76491,0.7651,1.50,2.25
2017.03.17 10:07:01.253,0.76494,0.76512,1.00,1.75
2017.03.17 10:07:01.799,0.76495,0.76513,1.12,1.75
2017.03.17 10:07:03.243,0.76495,0.76513,1.50,1.50
2017.03.17 10:07:03.745,0.76495,0.76514,1.50,1.75
2017.03.17 10:07:04.377,0.76495,0.76511,1.00,1.87
2017.03.17 10:07:04.428,0.7649,0.76509,2.62,1.75
2017.03.17 10:07:04.487,0.7649,0.76509,2.25,1.75
2017.03.17 10:07:04.824,0.76494,0.76511,1.00,1.75
2017.03.17 10:07:04.925,0.76494,0.76513,1.12,1.75
2017.03.17 10:07:05.534,0.76495,0.76513,1.00,1.75
2017.03.17 10:07:05.766,0.76495,0.76515,1.50,2.25
2017.03.17 10:07:07.627,0.76495,0.76515,1.87,1.50
2017.03.17 10:07:07.970,0.76496,0.76515,1.00,1.75
2017.03.17 10:07:08.947,0.76495,0.76514,1.50,1.87
2017.03.17 10:07:12.784,0.76495,0.76513,1.00,1.87
2017.03.17 10:07:13.323,0.76495,0.76513,1.12,1.50
2017.03.17 10:07:16.324,0.76495,0.76511,1.12,1.50
2017.03.17 10:07:16.868,0.76495,0.76509,1.00,1.00
2017.03.17 10:07:17.816,0.76495,0.76513,1.00,1.87
2017.03.17 10:07:19.833,0.76495,0.76514,1.50,1.75
2017.03.17 10:07:19.883,0.76495,0.76513,1.37,1.00
2017.03.17 10:07:20.583,0.76496,0.76513,1.37,1.00
2017.03.17 10:07:23.233,0.76495,0.76513,1.12,1.00
2017.03.17 10:07:23.391,0.76495,0.76514,1.00,2.62
2017.03.17 10:07:24.459,0.76495,0.76514,1.12,2.25
2017.03.17 10:07:24.975,0.76495,0.76514,1.50,2.25
2017.03.17 10:07:25.495,0.76495,0.76515,1.87,1.50
2017.03.17 10:07:25.596,0.76496,0.76515,1.12,1.50
2017.03.17 10:07:30.088,0.765,0.76515,1.00,1.37
2017.03.17 10:07:30.390,0.76498,0.76515,1.00,1.00
2017.03.17 10:07:30.603,0.76496,0.76515,1.00,1.75
2017.03.17 10:07:30.944,0.76495,0.76515,1.12,2.62
2017.03.17 10:07:31.512,0.76495,0.76514,1.87,1.50
2017.03.17 10:07:31.764,0.76495,0.76514,1.12,1.87
2017.03.17 10:07:36.471,0.76495,0.76514,1.37,1.37
2017.03.17 10:07:36.834,0.765,0.76515,1.00,1.50
2017.03.17 10:07:36.985,0.765,0.76516,1.00,1.12
2017.03.17 10:07:37.287,0.76497,0.76515,1.00,1.50
2017.03.17 10:07:37.440,0.76494,0.76515,1.75,1.50
2017.03.17 10:07:37.968,0.76494,0.76515,1.75,1.75
2017.03.17 10:07:38.439,0.76495,0.76512,1.50,1.37
2017.03.17 10:07:38.740,0.76495,0.76512,1.50,1.00
2017.03.17 10:07:38.965,0.76495,0.76511,1.50,1.75
2017.03.17 10:07:39.066,0.76495,0.76511,1.37,1.50
2017.03.17 10:07:39.117,0.76495,0.76511,1.00,1.87
2017.03.17 10:07:39.217,0.7649,0.76508,1.50,1.00
2017.03.17 10:07:39.770,0.76491,0.7651,1.00,2.62
2017.03.17 10:07:40.314,0.76491,0.7651,1.00,3.00
2017.03.17 10:07:40.515,0.76489,0.76509,1.12,1.87
2017.03.17 10:07:41.393,0.7649,0.76509,1.00,1.87
2017.03.17 10:07:42.952,0.76487,0.76506,1.12,1.12
2017.03.17 10:07:43.412,0.76488,0.76506,1.00,1.37
2017.03.17 10:07:43.763,0.7649,0.76507,1.00,1.75
2017.03.17 10:07:44.827,0.76485,0.76505,1.75,1.87
2017.03.17 10:07:46.035,0.7649,0.76506,1.00,1.75
2017.03.17 10:07:46.236,0.76485,0.76505,3.00,2.62
2017.03.17 10:07:46.337,0.7649,0.76506,1.00,1.87
2017.03.17 10:07:46.438,0.76485,0.76504,1.50,1.87
2017.03.17 10:07:46.638,0.76485,0.76504,1.00,2.62
2017.03.17 10:07:47.014,0.76485,0.76505,1.50,1.75
2017.03.17 10:07:47.448,0.76484,0.76502,1.00,1.87
2017.03.17 10:07:47.847,0.7648,0.76497,1.00,1.50
2017.03.17 10:07:48.041,0.76479,0.76499,1.87,1.37
2017.03.17 10:07:48.304,0.76485,0.76499,1.00,1.37
2017.03.17 10:07:48.577,0.7648,0.76496,1.00,1.37
2017.03.17 10:07:49.091,0.76479,0.76498,1.87,1.75
2017.03.17 10:07:49.343,0.7648,0.76497,1.00,1.12
2017.03.17 10:07:50.485,0.76476,0.76495,1.37,1.37
2017.03.17 10:07:56.928,0.76474,0.7649,1.87,1.00
2017.03.17 10:07:57.116,0.76474,0.76494,2.62,1.00
2017.03.17 10:07:57.630,0.76474,0.76494,2.25,1.37
2017.03.17 10:07:57.983,0.76474,0.76493,1.75,1.75
2017.03.17 10:07:58.134,0.76473,0.7649,1.00,1.87
2017.03.17 10:07:58.638,0.7647,0.76491,2.25,2.62
2017.03.17 10:07:58.739,0.7647,0.76491,2.25,2.62
2017.03.17 10:07:59.181,0.7647,0.76488,1.75,1.37
2017.03.17 10:07:59.465,0.76468,0.76485,1.37,1.12
2017.03.17 10:07:59.971,0.7647,0.76488,1.00,1.87
2017.03.17 10:08:00.626,0.76475,0.76489,1.00,1.12
2017.03.17 10:08:00.785,0.7647,0.7649,1.50,1.87
2017.03.17 10:08:01.016,0.76475,0.7649,1.00,1.12
2017.03.17 10:08:01.089,0.7647,0.7649,1.50,1.87
2017.03.17 10:08:01.614,0.76475,0.76488,1.00,1.37
2017.03.17 10:08:01.816,0.7647,0.76489,1.50,1.12
2017.03.17 10:08:04.284,0.76472,0.7649,1.00,1.87
2017.03.17 10:08:04.631,0.76474,0.7649,1.00,1.00
2017.03.17 10:08:05.039,0.76475,0.76492,1.37,1.00
2017.03.17 10:08:05.571,0.76475,0.76495,1.75,1.87
2017.03.17 10:08:09.851,0.76475,0.76495,1.00,1.12
2017.03.17 10:08:11.481,0.76475,0.76495,1.00,1.50
2017.03.17 10:08:11.746,0.76475,0.76495,1.12,1.12
2017.03.17 10:08:12.113,0.7648,0.76496,1.00,1.00
2017.03.17 10:08:12.691,0.76475,0.76495,2.62,1.50
2017.03.17 10:08:19.576,0.76475,0.76495,2.62,1.50
2017.03.17 10:08:19.626,0.76475,0.76495,1.87,1.87
2017.03.17 10:08:20.541,0.76477,0.76495,1.00,1.50
2017.03.17 10:08:20.993,0.76475,0.76495,1.12,1.37
2017.03.17 10:08:21.464,0.7648,0.76495,1.00,1.00
2017.03.17 10:08:22.706,0.7648,0.76495,1.00,1.37
2017.03.17 10:08:22.757,0.76477,0.76495,1.00,1.50
2017.03.17 10:08:22.808,0.76476,0.76495,1.00,1.75
2017.03.17 10:08:23.265,0.7648,0.76495,1.00,1.12
2017.03.17 10:08:23.617,0.76474,0.76495,2.25,1.75
2017.03.17 10:08:23.818,0.76475,0.76494,1.00,1.12
2017.03.17 10:08:25.464,0.76475,0.76495,1.00,1.87
2017.03.17 10:08:26.621,0.76479,0.76497,1.00,3.00
2017.03.17 10:08:26.772,0.76476,0.76495,1.00,1.75
2017.03.17 10:08:26.822,0.76475,0.76495,1.87,1.12
2017.03.17 10:08:26.946,0.76476,0.76494,1.12,1.00
2017.03.17 10:08:29.625,0.76476,0.76494,1.00,1.50
2017.03.17 10:08:29.676,0.76476,0.76494,1.00,1.87
2017.03.17 10:08:29.847,0.76475,0.76494,1.00,1.75
2017.03.17 10:08:32.861,0.76475,0.76494,1.12,1.75
2017.03.17 10:08:34.248,0.76475,0.76493,1.50,1.00
2017.03.17 10:08:34.349,0.76475,0.76494,1.12,1.12
2017.03.17 10:08:35.663,0.76475,0.76493,1.12,1.12
2017.03.17 10:08:36.619,0.76473,0.7649,1.00,1.00
2017.03.17 10:08:37.170,0.76475,0.76491,1.00,1.12
2017.03.17 10:08:37.397,0.76473,0.7649,1.00,1.00
2017.03.17 10:08:37.994,0.7647,0.7649,2.25,1.50
2017.03.17 10:08:38.045,0.7647,0.7649,2.62,1.87
2017.03.17 10:08:38.196,0.7647,0.76489,1.75,1.12
2017.03.17 10:08:38.347,0.7647,0.76486,1.00,1.00
2017.03.17 10:08:38.778,0.7647,0.76488,1.50,1.00
2017.03.17 10:08:38.979,0.76475,0.7649,1.00,1.00
2017.03.17 10:08:39.364,0.76474,0.76494,1.75,1.00
2017.03.17 10:08:40.633,0.76475,0.76494,1.75,1.37
2017.03.17 10:08:40.785,0.76475,0.76493,1.50,1.12
2017.03.17 10:08:41.333,0.76475,0.76493,1.50,1.37
2017.03.17 10:08:43.356,0.76475,0.76493,1.50,1.75
2017.03.17 10:08:43.882,0.76475,0.76493,1.12,1.12
2017.03.17 10:08:44.431,0.76475,0.76492,1.12,1.37
2017.03.17 10:08:45.090,0.76472,0.7649,1.00,1.00
2017.03.17 10:08:45.316,0.76474,0.76491,1.00,1.12
2017.03.17 10:08:45.535,0.76472,0.76491,1.00,1.87
2017.03.17 10:08:46.443,0.7647,0.76491,1.12,1.50
2017.03.17 10:08:47.136,0.7647,0.76491,1.12,1.50
2017.03.17 10:08:48.288,0.76475,0.76491,1.00,1.75
2017.03.17 10:08:48.390,0.76471,0.76489,1.00,1.75
2017.03.17 10:08:48.490,0.76469,0.76486,1.12,1.00
2017.03.17 10:08:49.167,0.7647,0.76488,1.00,1.12
2017.03.17 10:08:50.255,0.7647,0.76487,1.00,1.75
2017.03.17 10:08:50.766,0.7647,0.76487,1.00,1.37
2017.03.17 10:08:51.283,0.7647,0.76487,1.50,1.00
2017.03.17 10:08:51.838,0.7647,0.7649,1.00,1.75
2017.03.17 10:08:51.939,0.7647,0.76488,1.50,1.00
2017.03.17 10:08:54.450,0.7647,0.76488,1.50,1.50
2017.03.17 10:08:54.752,0.7647,0.76487,1.00,1.50
2017.03.17 10:08:55.321,0.7647,0.7649,1.00,1.75
2017.03.17 10:08:55.421,0.7647,0.76486,1.00,1.00
2017.03.17 10:08:55.753,0.7647,0.76486,1.00,1.12
2017.03.17 10:08:56.341,0.7647,0.76484,1.00,1.50
2017.03.17 10:08:56.841,0.7647,0.76484,1.00,1.00
2017.03.17 10:09:00.521,0.7647,0.76484,1.00,1.50
2017.03.17 10:09:00.740,0.7647,0.76484,1.00,1.12
2017.03.17 10:09:00.791,0.76465,0.76484,2.25,1.12
2017.03.17 10:09:00.892,0.76465,0.76485,2.25,1.75
2017.03.17 10:09:01.242,0.7647,0.76486,1.00,1.00
2017.03.17 10:09:03.521,0.7647,0.76486,1.00,1.37
2017.03.17 10:09:03.724,0.76465,0.76485,1.50,2.62
2017.03.17 10:09:05.260,0.7647,0.76485,1.00,1.87
2017.03.17 10:09:05.365,0.76465,0.76483,1.50,1.00
2017.03.17 10:09:06.464,0.7647,0.76485,1.00,1.37
2017.03.17 10:09:07.256,0.7647,0.76483,1.00,1.87
2017.03.17 10:09:07.307,0.76465,0.76482,2.25,1.37
2017.03.17 10:09:07.423,0.76465,0.76479,1.00,1.00
2017.03.17 10:09:07.473,0.7646,0.7648,1.75,2.25
2017.03.17 10:09:07.725,0.7646,0.76476,1.12,1.00
2017.03.17 10:09:07.827,0.76455,0.76475,2.25,1.50
2017.03.17 10:09:07.928,0.76455,0.76473,1.75,1.50
2017.03.17 10:09:08.114,0.76455,0.76473,1.12,1.50
2017.03.17 10:09:14.092,0.76455,0.76474,1.50,1.75
2017.03.17 10:09:14.678,0.76455,0.76474,1.75,1.50
2017.03.17 10:09:17.090,0.76455,0.76474,1.75,1.12
2017.03.17 10:09:17.141,0.7646,0.76474,1.00,1.12
2017.03.17 10:09:17.241,0.7646,0.76478,1.50,1.50
2017.03.17 10:09:17.342,0.76457,0.76475,1.75,1.00
2017.03.17 10:09:17.529,0.7646,0.76478,1.50,1.00
2017.03.17 10:09:17.747,0.7646,0.76478,1.50,1.87
2017.03.17 10:09:18.051,0.7646,0.76478,1.50,1.12
2017.03.17 10:09:18.428,0.76465,0.76482,1.00,2.25
2017.03.17 10:09:18.680,0.76465,0.76482,1.00,1.00
2017.03.17 10:09:18.781,0.7646,0.7648,4.50,1.12
2017.03.17 10:09:18.882,0.7646,0.7648,2.25,1.50
2017.03.17 10:09:18.983,0.7646,0.76479,2.25,1.00
2017.03.17 10:09:19.287,0.76461,0.76481,1.12,1.50
2017.03.17 10:09:19.801,0.76465,0.76483,1.00,1.12
2017.03.17 10:09:19.852,0.76465,0.76483,1.12,1.37
2017.03.17 10:09:22.037,0.7646,0.7648,1.87,1.00
2017.03.17 10:09:22.238,0.7646,0.7648,2.25,1.50
2017.03.17 10:09:22.493,0.7646,0.76477,1.75,1.00
2017.03.17 10:09:23.012,0.7646,0.76475,1.75,1.00
2017.03.17 10:09:23.116,0.7646,0.76477,2.25,1.00
2017.03.17 10:09:23.585,0.7646,0.7648,1.75,1.12
2017.03.17 10:09:23.887,0.7646,0.7648,2.62,1.12
2017.03.17 10:09:24.291,0.76465,0.76483,1.50,1.37
2017.03.17 10:09:24.756,0.76462,0.7648,1.75,1.50
2017.03.17 10:09:24.886,0.7646,0.7648,1.75,1.87
2017.03.17 10:09:27.098,0.76461,0.7648,1.12,1.12
2017.03.17 10:09:27.757,0.76464,0.76485,1.50,1.75
2017.03.17 10:09:27.807,0.76465,0.76485,1.12,1.87
2017.03.17 10:09:28.129,0.76461,0.7648,1.75,1.00
2017.03.17 10:09:28.179,0.76461,0.7648,1.75,1.00
2017.03.17 10:09:28.756,0.76465,0.76482,1.12,1.37
2017.03.17 10:09:29.008,0.76465,0.76483,1.50,1.00
2017.03.17 10:09:29.109,0.76465,0.76485,1.75,2.25
2017.03.17 10:09:29.677,0.76465,0.76485,1.12,1.37
2017.03.17 10:09:30.231,0.76464,0.76485,1.75,1.75
2017.03.17 10:09:30.766,0.7647,0.76486,1.00,1.12
2017.03.17 10:09:30.867,0.7647,0.76488,1.00,1.87
2017.03.17 10:09:31.427,0.76467,0.76485,1.37,1.00
2017.03.17 10:09:32.468,0.7647,0.76488,1.00,1.12
2017.03.17 10:09:33.608,0.7647,0.76486,1.00,1.37
2017.03.17 10:09:33.659,0.7647,0.76486,1.00,1.00
2017.03.17 10:09:41.083,0.7647,0.7649,1.75,1.87
2017.03.17 10:09:41.201,0.76475,0.7649,1.00,1.37
2017.03.17 10:09:42.231,0.7647,0.7649,2.25,1.87
2017.03.17 10:09:42.533,0.76474,0.76493,1.12,1.87
2017.03.17 10:09:42.843,0.7647,0.76489,2.25,1.12
2017.03.17 10:09:43.219,0.76469,0.76487,2.25,1.00
2017.03.17 10:09:43.733,0.76469,0.76488,1.50,1.75
2017.03.17 10:09:45.570,0.7647,0.76487,1.12,1.00
2017.03.17 10:09:48.228,0.76468,0.76486,1.87,1.00
2017.03.17 10:09:48.379,0.76466,0.76485,1.37,1.50
2017.03.17 10:09:48.430,0.76466,0.76483,1.12,1.00
2017.03.17 10:09:48.531,0.76465,0.76483,1.12,1.12
2017.03.17 10:09:49.057,0.76465,0.76482,1.00,1.12
2017.03.17 10:09:52.923,0.76465,0.76483,1.12,1.75
2017.03.17 10:09:53.499,0.76465,0.76486,1.50,2.62
2017.03.17 10:09:53.801,0.7647,0.76488,1.00,1.50
2017.03.17 10:09:53.852,0.7647,0.76487,1.12,1.12
2017.03.17 10:09:54.353,0.7647,0.76488,1.00,1.12
2017.03.17 10:09:54.686,0.76475,0.76491,1.00,1.75
2017.03.17 10:09:54.774,0.76471,0.7649,1.37,1.50
2017.03.17 10:09:55.032,0.76475,0.76491,1.00,1.75
2017.03.17 10:09:55.132,0.76475,0.76492,1.00,1.50
2017.03.17 10:09:59.843,0.76471,0.7649,2.62,1.37
2017.03.17 10:10:00.361,0.76474,0.76494,1.12,1.12
2017.03.17 10:10:00.863,0.76475,0.76493,1.00,1.12
2017.03.17 10:10:01.258,0.76471,0.76491,1.50,1.87
2017.03.17 10:10:01.409,0.76475,0.76489,1.00,1.37
2017.03.17 10:10:02.040,0.76475,0.76489,1.00,1.00
2017.03.17 10:10:03.441,0.76472,0.7649,1.12,1.00
2017.03.17 10:10:04.370,0.76471,0.7649,1.87,1.50
2017.03.17 10:10:05.485,0.76471,0.7649,1.50,1.50
2017.03.17 10:10:06.417,0.76472,0.76491,1.87,1.50
2017.03.17 10:10:13.623,0.76471,0.7649,1.37,1.50
2017.03.17 10:10:13.674,0.76471,0.7649,1.37,1.75
2017.03.17 10:10:17.643,0.76471,0.7649,1.87,1.37
2017.03.17 10:10:17.694,0.76471,0.7649,1.87,1.12
2017.03.17 10:10:18.518,0.76475,0.76493,1.00,2.25
2017.03.17 10:10:19.277,0.76475,0.76494,1.12,1.75
2017.03.17 10:10:19.759,0.76472,0.7649,1.12,1.00
2017.03.17 10:10:19.873,0.76473,0.7649,1.00,1.00
2017.03.17 10:10:19.923,0.76475,0.76491,1.00,1.00
2017.03.17 10:10:21.358,0.76474,0.76491,1.00,1.00
2017.03.17 10:10:21.868,0.76475,0.76495,1.12,2.62
2017.03.17 10:10:22.333,0.76475,0.76495,1.87,2.25
2017.03.17 10:10:23.081,0.76476,0.76495,1.12,1.50
2017.03.17 10:10:23.182,0.76478,0.76495,1.00,1.12
2017.03.17 10:10:23.285,0.76479,0.76497,1.50,1.50
2017.03.17 10:10:24.139,0.76479,0.76497,1.87,1.00
2017.03.17 10:10:24.290,0.76479,0.76499,1.50,1.87
2017.03.17 10:10:24.441,0.7648,0.76499,1.12,1.87
2017.03.17 10:10:24.492,0.7648,0.76498,1.00,1.37
2017.03.17 10:10:25.020,0.76477,0.76496,1.12,1.50
2017.03.17 10:10:27.057,0.7648,0.765,1.00,1.75
2017.03.17 10:10:27.625,0.7648,0.76499,1.00,1.12
2017.03.17 10:10:28.934,0.76478,0.76496,1.50,1.12
2017.03.17 10:10:29.485,0.7648,0.76499,1.00,1.12
2017.03.17 10:10:30.841,0.7648,0.76499,2.25,1.75
2017.03.17 10:10:30.941,0.76482,0.765,1.00,1.75
2017.03.17 10:10:30.992,0.76481,0.765,1.12,1.50
2017.03.17 10:10:31.750,0.76481,0.765,1.12,1.12
2017.03.17 10:10:36.957,0.76485,0.76503,1.00,1.75
2017.03.17 10:10:45.260,0.76485,0.76502,1.12,1.00
2017.03.17 10:10:45.361,0.76482,0.765,1.12,1.00
2017.03.17 10:10:45.570,0.76483,0.765,1.00,1.50
2017.03.17 10:10:45.621,0.7648,0.765,1.87,1.50
2017.03.17 10:10:46.260,0.7648,0.765,1.87,1.75
2017.03.17 10:10:47.005,0.7648,0.765,2.25,1.75
2017.03.17 10:10:47.815,0.7648,0.765,1.50,1.75
2017.03.17 10:10:49.318,0.76485,0.76501,1.00,1.75
2017.03.17 10:10:49.469,0.76485,0.76504,1.00,1.75
2017.03.17 10:10:50.332,0.7648,0.76501,2.25,1.50
2017.03.17 10:10:50.872,0.76484,0.76504,1.37,1.75
2017.03.17 10:10:52.787,0.76484,0.76504,1.00,1.75
2017.03.17 10:10:52.985,0.76485,0.76504,1.87,1.50
2017.03.17 10:10:55.128,0.76485,0.76504,1.87,1.00
2017.03.17 10:10:56.849,0.7649,0.76507,1.00,3.00
2017.03.17 10:11:01.034,0.76486,0.76506,1.12,1.75
2017.03.17 10:11:05.343,0.76485,0.76505,1.50,1.50
2017.03.17 10:11:05.444,0.76485,0.76504,1.12,1.75
2017.03.17 10:11:05.997,0.76479,0.76501,3.75,1.00
2017.03.17 10:11:06.184,0.7648,0.76498,1.50,1.12
2017.03.17 10:11:06.234,0.7648,0.76497,1.12,1.50
2017.03.17 10:11:06.285,0.76478,0.76495,1.00,1.50
2017.03.17 10:11:06.386,0.76477,0.76495,1.00,1.50
2017.03.17 10:11:06.688,0.7648,0.76497,1.00,1.75
2017.03.17 10:11:07.653,0.76484,0.76498,1.00,1.37
2017.03.17 10:11:07.704,0.76484,0.76501,1.00,1.75
2017.03.17 10:11:07.913,0.7648,0.765,1.50,1.75
2017.03.17 10:11:08.720,0.7648,0.76501,1.87,1.75
2017.03.17 10:11:08.871,0.7648,0.76501,1.87,1.75
2017.03.17 10:11:09.487,0.76485,0.76502,1.00,1.75
2017.03.17 10:11:11.004,0.76481,0.765,1.12,1.12
2017.03.17 10:11:12.509,0.7648,0.76499,1.75,1.00
2017.03.17 10:11:12.610,0.7648,0.76499,1.50,1.50
2017.03.17 10:11:12.660,0.7648,0.76499,1.00,1.50
2017.03.17 10:11:17.209,0.7648,0.76498,1.37,1.37
2017.03.17 10:11:17.259,0.7648,0.765,1.50,3.00
2017.03.17 10:11:17.684,0.7648,0.76496,1.12,1.37
2017.03.17 10:11:18.188,0.7648,0.76497,1.00,1.12
2017.03.17 10:11:18.288,0.76476,0.76495,1.00,2.62
2017.03.17 10:11:18.339,0.76476,0.76494,1.00,1.75
2017.03.17 10:11:18.491,0.76472,0.76488,1.00,1.00
2017.03.17 10:11:18.655,0.7647,0.76487,1.00,1.12
2017.03.17 10:11:19.472,0.7647,0.76487,1.00,1.37
2017.03.17 10:11:19.790,0.76474,0.76487,1.00,1.12
2017.03.17 10:11:19.894,0.7647,0.7649,1.00,1.87
2017.03.17 10:11:20.236,0.76475,0.76487,1.00,1.12
2017.03.17 10:11:20.292,0.76475,0.76491,1.00,1.75
2017.03.17 10:11:20.443,0.76475,0.76488,1.00,1.00
2017.03.17 10:11:21.729,0.7647,0.76488,1.87,1.00
2017.03.17 10:11:21.838,0.76475,0.76488,1.00,1.00
2017.03.17 10:11:22.356,0.76475,0.76492,1.00,1.12
2017.03.17 10:11:22.873,0.76475,0.76492,1.00,1.12
2017.03.17 10:11:24.661,0.76471,0.7649,1.75,1.50
2017.03.17 10:11:24.862,0.76465,0.76485,2.25,2.62
2017.03.17 10:11:25.101,0.76465,0.76484,1.00,1.12
2017.03.17 10:11:25.203,0.76464,0.76481,1.50,1.00
2017.03.17 10:11:25.374,0.76464,0.76483,1.75,1.00
2017.03.17 10:11:25.737,0.76465,0.76486,1.00,2.25
2017.03.17 10:11:25.787,0.76464,0.76483,1.87,1.00
2017.03.17 10:11:26.102,0.76466,0.76486,1.37,1.75
2017.03.17 10:11:26.153,0.76465,0.76485,1.12,1.75
2017.03.17 10:11:26.203,0.76465,0.76485,1.37,1.75
2017.03.17 10:11:26.354,0.76465,0.76485,1.12,1.75
2017.03.17 10:11:26.697,0.76465,0.76483,1.37,1.00
2017.03.17 10:11:28.204,0.76465,0.76483,1.12,1.50
2017.03.17 10:11:28.705,0.76465,0.76483,1.00,1.87
2017.03.17 10:11:29.266,0.76465,0.76483,1.00,1.87
2017.03.17 10:11:29.987,0.76465,0.76483,1.00,2.62
2017.03.17 10:11:30.037,0.76461,0.7648,1.37,1.37
2017.03.17 10:11:30.088,0.7646,0.76479,1.87,1.00
2017.03.17 10:11:30.138,0.76465,0.76479,1.00,1.00
2017.03.17 10:11:30.390,0.76465,0.76484,1.00,1.12
2017.03.17 10:11:31.046,0.76464,0.76484,1.12,1.12
2017.03.17 10:11:32.046,0.76465,0.76484,1.00,1.12
2017.03.17 10:11:32.922,0.76461,0.7648,2.25,1.12
2017.03.17 10:11:33.023,0.76462,0.7648,1.00,1.50
2017.03.17 10:11:33.124,0.7646,0.7648,1.87,1.87
2017.03.17 10:11:33.648,0.7646,0.76479,1.12,1.12
2017.03.17 10:11:35.162,0.7646,0.7648,1.12,2.62
2017.03.17 10:11:35.821,0.7646,0.7648,1.50,1.75
2017.03.17 10:11:36.123,0.76465,0.76479,1.00,1.00
2017.03.17 10:11:36.773,0.76461,0.76479,1.12,1.00
2017.03.17 10:11:37.795,0.76464,0.76479,1.00,1.00
2017.03.17 10:11:38.139,0.76461,0.76479,1.00,1.00
2017.03.17 10:11:39.016,0.76461,0.76479,1.87,1.00
2017.03.17 10:11:39.067,0.76464,0.76479,1.00,1.00
2017.03.17 10:11:39.595,0.76465,0.76482,1.00,1.87
2017.03.17 10:11:41.992,0.7647,0.76486,1.00,3.00
2017.03.17 10:11:42.042,0.7647,0.76482,1.00,1.00
2017.03.17 10:11:42.617,0.76465,0.76485,1.50,1.75
2017.03.17 10:11:45.771,0.76465,0.76483,1.12,1.75
2017.03.17 10:11:45.872,0.76465,0.76482,1.12,1.87
2017.03.17 10:11:46.023,0.7646,0.76479,1.50,1.37
2017.03.17 10:11:46.628,0.7646,0.76479,1.12,1.12
2017.03.17 10:11:47.265,0.76465,0.76479,1.00,1.12
2017.03.17 10:11:47.487,0.76465,0.76481,1.00,1.12
2017.03.17 10:11:49.117,0.76465,0.76481,1.00,1.37
2017.03.17 10:11:49.519,0.76465,0.76484,1.50,1.12
2017.03.17 10:11:50.724,0.7647,0.76484,1.00,1.12
2017.03.17 10:11:51.554,0.76465,0.76485,1.37,1.12
2017.03.17 10:11:53.159,0.76465,0.76482,1.12,1.12
2017.03.17 10:11:54.204,0.76464,0.76485,1.00,4.87
2017.03.17 10:11:54.305,0.76464,0.76484,1.50,1.75
2017.03.17 10:11:54.456,0.7647,0.76485,1.00,1.12
2017.03.17 10:11:54.884,0.76465,0.76485,1.50,1.87
2017.03.17 10:11:55.079,0.76465,0.76483,1.12,1.12
2017.03.17 10:11:55.594,0.76465,0.76483,1.00,1.12
2017.03.17 10:11:56.005,0.76465,0.76484,1.00,1.12
2017.03.17 10:11:56.055,0.76465,0.76485,1.50,1.75
2017.03.17 10:11:56.765,0.76465,0.76485,1.87,1.50
2017.03.17 10:11:57.504,0.7647,0.76486,1.00,1.12
2017.03.17 10:11:58.466,0.76465,0.76485,1.87,1.50
2017.03.17 10:12:01.416,0.76469,0.76486,1.00,1.12
2017.03.17 10:12:04.218,0.76465,0.76485,1.87,1.50
2017.03.17 10:12:04.733,0.76465,0.76485,1.87,1.50
2017.03.17 10:12:04.922,0.7647,0.76487,1.00,1.75
2017.03.17 10:12:05.542,0.7647,0.76487,1.37,1.75
2017.03.17 10:12:05.592,0.7647,0.7649,1.12,4.50
2017.03.17 10:12:05.643,0.76472,0.7649,1.37,3.37
2017.03.17 10:12:05.794,0.76472,0.7649,1.75,1.75
2017.03.17 10:12:05.895,0.76472,0.7649,1.50,1.50
2017.03.17 10:12:06.438,0.76475,0.76495,1.12,1.75
2017.03.17 10:12:06.489,0.76475,0.76495,1.87,1.75
2017.03.17 10:12:06.590,0.76475,0.76496,1.00,3.00
2017.03.17 10:12:08.146,0.76475,0.76492,1.12,1.75
2017.03.17 10:12:08.246,0.7647,0.7649,1.75,1.50
2017.03.17 10:12:08.426,0.7647,0.76485,1.00,1.00
2017.03.17 10:12:08.476,0.76464,0.76484,1.75,1.67
2017.03.17 10:12:08.577,0.76465,0.76483,1.00,1.75
2017.03.17 10:12:08.779,0.7646,0.76477,1.50,1.12
2017.03.17 10:12:08.930,0.7646,0.76476,1.12,1.37
2017.03.17 10:12:09.081,0.7646,0.76477,1.00,2.10
2017.03.17 10:12:09.282,0.7646,0.7648,1.50,3.37
2017.03.17 10:12:09.484,0.76461,0.7648,1.00,1.75
2017.03.17 10:12:09.534,0.76465,0.76481,1.00,1.12
2017.03.17 10:12:10.688,0.76465,0.76482,1.00,1.75
2017.03.17 10:12:12.198,0.76465,0.76485,1.00,3.00
2017.03.17 10:12:12.877,0.76465,0.76485,1.87,2.25
2017.03.17 10:12:14.279,0.76466,0.76485,1.50,1.37
2017.03.17 10:12:14.918,0.7647,0.76487,1.00,1.75
2017.03.17 10:12:15.170,0.7647,0.76487,1.12,1.37
2017.03.17 10:12:15.579,0.76475,0.76487,1.00,1.37
2017.03.17 10:12:15.630,0.7647,0.76489,1.12,1.12
2017.03.17 10:12:15.887,0.76469,0.76489,1.75,1.37
2017.03.17 10:12:16.810,0.76469,0.76488,1.37,1.50
2017.03.17 10:12:19.541,0.7647,0.7649,2.62,1.87
2017.03.17 10:12:19.592,0.76471,0.7649,1.00,1.87
2017.03.17 10:12:20.509,0.76475,0.7649,1.00,1.00
2017.03.17 10:12:20.633,0.76471,0.7649,1.12,1.50
2017.03.17 10:12:20.889,0.76472,0.7649,1.37,1.12
2017.03.17 10:12:21.975,0.76475,0.76495,1.00,2.62
2017.03.17 10:12:22.025,0.76475,0.76495,1.12,2.25
2017.03.17 10:12:22.227,0.7648,0.76496,1.00,1.75
2017.03.17 10:12:22.327,0.76479,0.76496,1.00,1.75
2017.03.17 10:12:22.792,0.76479,0.76497,1.00,1.00
2017.03.17 10:12:23.331,0.76479,0.76497,1.37,1.00
2017.03.17 10:12:23.931,0.7648,0.76497,1.37,1.00
2017.03.17 10:12:24.569,0.7648,0.765,2.25,1.75
2017.03.17 10:12:24.922,0.76482,0.76501,1.12,1.50
2017.03.17 10:12:25.124,0.76482,0.76501,1.00,1.75
2017.03.17 10:12:29.950,0.76485,0.76503,1.00,1.75
2017.03.17 10:12:30.051,0.76485,0.76504,1.00,1.75
2017.03.17 10:12:32.905,0.7649,0.76506,1.00,4.12
2017.03.17 10:12:32.955,0.76485,0.76505,1.37,1.75
2017.03.17 10:12:33.056,0.76485,0.76505,1.12,1.87
2017.03.17 10:12:33.897,0.76485,0.76505,1.12,1.87
2017.03.17 10:12:34.494,0.76485,0.76505,1.00,1.87
2017.03.17 10:12:34.970,0.76489,0.76505,1.00,1.12
2017.03.17 10:12:35.208,0.76485,0.76505,1.00,1.87
2017.03.17 10:12:36.641,0.7649,0.76504,1.00,1.12
2017.03.17 10:12:36.938,0.7649,0.76509,1.00,1.87
2017.03.17 10:12:42.355,0.7649,0.7651,2.62,1.75
2017.03.17 10:12:42.405,0.76495,0.76511,1.00,1.87
2017.03.17 10:12:44.837,0.76493,0.7651,1.00,1.12
2017.03.17 10:12:48.771,0.76495,0.76511,1.12,1.00
2017.03.17 10:12:49.276,0.76495,0.76513,1.12,1.50
2017.03.17 10:12:49.684,0.76495,0.76513,1.00,1.75
2017.03.17 10:12:56.467,0.76495,0.76513,1.00,1.12
2017.03.17 10:12:59.419,0.76495,0.76515,1.37,2.25
2017.03.17 10:12:59.941,0.76495,0.76515,1.12,2.25
2017.03.17 10:13:05.868,0.76495,0.76515,1.37,2.25
2017.03.17 10:13:06.412,0.76495,0.76515,1.12,2.25
2017.03.17 10:13:11.522,0.76494,0.76514,1.12,1.12
2017.03.17 10:13:12.053,0.76495,0.76511,1.00,1.12
2017.03.17 10:13:16.867,0.76491,0.7651,1.50,1.87
2017.03.17 10:13:18.612,0.76495,0.76511,1.00,1.12
2017.03.17 10:13:22.076,0.76491,0.7651,1.37,1.50
2017.03.17 10:13:24.037,0.76495,0.76512,1.00,1.87
2017.03.17 10:13:25.855,0.76494,0.76512,1.00,1.75
2017.03.17 10:13:26.006,0.76491,0.7651,1.37,1.50
2017.03.17 10:13:28.625,0.76491,0.7651,1.87,1.75
2017.03.17 10:13:28.855,0.76495,0.76512,1.00,1.87
2017.03.17 10:13:31.080,0.76492,0.7651,1.00,1.75
2017.03.17 10:13:31.822,0.76491,0.7651,1.37,1.75
2017.03.17 10:13:32.469,0.7649,0.7651,2.62,1.75
2017.03.17 10:13:32.982,0.76495,0.76512,1.00,1.75
2017.03.17 10:13:33.841,0.76495,0.76515,1.00,3.37
2017.03.17 10:13:35.830,0.76492,0.76511,1.75,1.75
2017.03.17 10:13:37.654,0.76495,0.76514,1.00,1.87
2017.03.17 10:13:38.135,0.76491,0.7651,1.12,1.50
2017.03.17 10:13:40.978,0.7649,0.76509,1.50,1.00
2017.03.17 10:13:42.207,0.7649,0.76509,2.25,1.00
2017.03.17 10:13:42.774,0.7649,0.76509,2.25,1.00
2017.03.17 10:13:45.063,0.7649,0.76509,1.37,1.00
2017.03.17 10:13:45.264,0.7649,0.7651,1.50,2.62
2017.03.17 10:13:46.003,0.76488,0.76505,1.87,1.00
2017.03.17 10:13:46.521,0.76488,0.76506,1.12,1.12
2017.03.17 10:13:47.255,0.76488,0.76505,1.37,1.00
2017.03.17 10:13:48.089,0.7649,0.7651,1.87,2.25
2017.03.17 10:13:48.660,0.76491,0.7651,1.00,2.25
2017.03.17 10:13:48.761,0.76491,0.76508,1.12,1.00
2017.03.17 10:13:51.081,0.7649,0.76509,1.50,1.37
2017.03.17 10:13:54.891,0.76489,0.76505,1.37,1.00
2017.03.17 10:13:55.179,0.7649,0.76507,1.00,1.12
2017.03.17 10:13:55.972,0.7649,0.76507,1.00,1.37
2017.03.17 10:13:56.746,0.76489,0.76505,1.00,1.00
2017.03.17 10:13:59.323,0.76487,0.76505,1.00,1.00
2017.03.17 10:14:00.690,0.7649,0.76506,1.00,1.50
2017.03.17 10:14:00.846,0.76487,0.76505,1.00,1.00
2017.03.17 10:14:03.059,0.76486,0.76505,1.75,1.00
2017.03.17 10:14:07.562,0.76488,0.76506,1.12,1.00
2017.03.17 10:14:11.254,0.7649,0.7651,1.00,1.75
2017.03.17 10:14:15.550,0.7649,0.76505,1.00,1.00
2017.03.17 10:14:16.347,0.7649,0.7651,1.12,1.87
2017.03.17 10:14:16.448,0.76489,0.76505,1.37,1.00
2017.03.17 10:14:16.599,0.76493,0.76511,1.00,2.25
2017.03.17 10:14:16.700,0.76492,0.7651,1.75,1.12
2017.03.17 10:14:18.012,0.76494,0.7651,1.00,1.37
2017.03.17 10:14:18.524,0.76495,0.7651,1.00,1.00
2017.03.17 10:14:19.957,0.76493,0.7651,1.00,1.00
2017.03.17 10:14:20.463,0.76493,0.76511,1.12,1.50
2017.03.17 10:14:21.050,0.76493,0.7651,1.12,1.00
2017.03.17 10:14:24.232,0.76493,0.76511,1.00,1.50
2017.03.17 10:14:26.400,0.76493,0.7651,1.00,1.00
2017.03.17 10:14:27.659,0.76491,0.7651,1.37,1.37
2017.03.17 10:14:27.796,0.76491,0.76509,1.12,1.00
2017.03.17 10:14:27.869,0.76491,0.76505,1.37,1.00
2017.03.17 10:14:28.449,0.76491,0.76505,1.12,1.00
2017.03.17 10:14:28.968,0.76491,0.76505,1.37,1.00
2017.03.17 10:14:29.420,0.7649,0.7651,1.50,1.75
2017.03.17 10:14:30.073,0.7649,0.7651,1.50,1.75
2017.03.17 10:14:30.124,0.76488,0.76505,1.75,1.00
2017.03.17 10:14:30.470,0.7649,0.7651,1.50,1.75
2017.03.17 10:14:30.718,0.7649,0.76509,1.12,1.37
2017.03.17 10:14:34.051,0.76488,0.76505,1.37,1.00
2017.03.17 10:14:35.248,0.76488,0.76505,1.37,1.12
2017.03.17 10:14:37.293,0.76484,0.765,1.75,1.00
2017.03.17 10:14:37.470,0.76481,0.76501,2.62,1.12
2017.03.17 10:14:37.571,0.76482,0.76501,1.00,1.50
2017.03.17 10:14:37.622,0.76479,0.76499,1.87,1.00
2017.03.17 10:14:38.131,0.7648,0.765,1.75,1.50
2017.03.17 10:14:39.495,0.76482,0.765,1.37,1.12
2017.03.17 10:14:46.143,0.76484,0.765,1.00,1.12
2017.03.17 10:14:46.575,0.76485,0.76502,1.50,1.12
2017.03.17 10:14:47.123,0.76482,0.765,1.12,1.00
2017.03.17 10:14:48.791,0.7648,0.765,3.37,1.00
2017.03.17 10:15:00.812,0.76482,0.76501,1.12,1.12
2017.03.17 10:15:03.055,0.76482,0.765,1.12,1.00
2017.03.17 10:15:09.830,0.76482,0.76501,1.37,1.12
2017.03.17 10:15:10.817,0.76482,0.765,1.37,1.00
2017.03.17 10:15:11.119,0.76482,0.765,1.87,1.00
2017.03.17 10:15:11.421,0.76481,0.765,1.87,1.12
2017.03.17 10:15:12.175,0.76482,0.765,1.87,1.00
2017.03.17 10:15:12.340,0.76485,0.76504,1.12,1.75
2017.03.17 10:15:12.601,0.76485,0.76505,1.50,1.37
2017.03.17 10:15:13.164,0.76486,0.76505,1.12,1.50
2017.03.17 10:15:13.507,0.76485,0.76502,1.75,1.00
2017.03.17 10:15:13.891,0.76477,0.76496,3.00,1.00
2017.03.17 10:15:13.942,0.76478,0.76496,1.12,1.00
2017.03.17 10:15:14.614,0.76478,0.76496,1.75,1.00
2017.03.17 10:15:15.434,0.76477,0.76496,4.12,1.00
2017.03.17 10:15:16.228,0.7648,0.76495,1.37,1.00
2017.03.17 10:15:16.278,0.7648,0.76501,1.37,2.62
2017.03.17 10:15:16.479,0.76485,0.76502,1.00,1.75
2017.03.17 10:15:16.530,0.76482,0.76501,1.12,1.12
2017.03.17 10:15:16.932,0.7648,0.765,2.25,1.37
2017.03.17 10:15:17.710,0.76481,0.76501,1.12,1.00
2017.03.17 10:15:18.223,0.76481,0.765,1.12,1.00
2017.03.17 10:15:18.356,0.76485,0.76502,1.12,1.00
2017.03.17 10:15:18.701,0.76485,0.76503,1.75,1.12
2017.03.17 10:15:20.839,0.76484,0.76503,1.75,1.37
2017.03.17 10:15:21.158,0.76484,0.76503,1.75,1.00
2017.03.17 10:15:22.849,0.76483,0.765,1.12,1.00
2017.03.17 10:15:23.050,0.7648,0.765,1.87,1.12
2017.03.17 10:15:23.221,0.7648,0.765,1.87,1.87
2017.03.17 10:15:25.045,0.76479,0.76495,1.75,1.00
2017.03.17 10:15:25.254,0.7648,0.76497,1.00,2.25
2017.03.17 10:15:25.405,0.76481,0.76499,1.12,1.00
2017.03.17 10:15:25.455,0.76483,0.765,1.00,1.00
2017.03.17 10:15:25.757,0.76477,0.76495,1.12,1.00
2017.03.17 10:15:25.936,0.76476,0.76495,1.87,1.37
2017.03.17 10:15:30.019,0.76476,0.76495,1.00,1.75
2017.03.17 10:15:33.018,0.76478,0.76495,1.00,1.75
2017.03.17 10:15:33.196,0.76478,0.76495,1.12,1.12
2017.03.17 10:15:33.247,0.7648,0.765,2.25,1.75
2017.03.17 10:15:33.348,0.76483,0.765,1.00,1.50
2017.03.17 10:15:33.499,0.76483,0.76501,1.37,1.12
2017.03.17 10:15:34.197,0.76483,0.765,1.37,1.00
2017.03.17 10:15:34.465,0.76486,0.765,1.00,1.00
2017.03.17 10:15:34.985,0.76486,0.76504,1.00,1.00
2017.03.17 10:15:35.136,0.76486,0.76505,1.75,1.12
2017.03.17 10:15:37.268,0.76485,0.76505,1.75,1.75
2017.03.17 10:15:37.671,0.76485,0.76505,1.87,3.00
2017.03.17 10:15:38.515,0.76483,0.765,1.87,1.00
2017.03.17 10:15:42.540,0.76483,0.765,1.75,1.00
2017.03.17 10:15:43.078,0.76485,0.76504,1.50,1.75
2017.03.17 10:15:43.380,0.76485,0.76505,2.25,2.25
2017.03.17 10:15:48.373,0.76487,0.76506,1.37,1.75
2017.03.17 10:15:48.804,0.76484,0.76504,2.25,1.12
2017.03.17 10:15:49.110,0.76481,0.765,1.75,1.00
2017.03.17 10:15:49.211,0.76483,0.765,1.00,1.37
2017.03.17 10:15:49.462,0.76481,0.765,1.75,1.00
2017.03.17 10:15:49.808,0.76487,0.765,1.00,1.00
2017.03.17 10:15:49.916,0.76487,0.76505,1.00,2.47
2017.03.17 10:15:50.137,0.76487,0.765,1.00,1.00
2017.03.17 10:15:51.613,0.76485,0.765,1.37,1.00
2017.03.17 10:15:51.943,0.76485,0.765,1.12,1.00
2017.03.17 10:15:53.487,0.76482,0.76495,2.62,1.00
2017.03.17 10:15:53.588,0.76478,0.76495,3.75,1.00
2017.03.17 10:15:53.789,0.76478,0.76496,1.75,1.00
2017.03.17 10:15:55.074,0.76478,0.76495,1.75,1.00
2017.03.17 10:15:57.013,0.76479,0.76496,1.75,1.00
2017.03.17 10:15:57.114,0.76479,0.76499,2.25,1.50
2017.03.17 10:15:58.606,0.76478,0.76495,1.87,1.00
2017.03.17 10:15:58.908,0.76473,0.7649,2.62,1.00
2017.03.17 10:15:59.010,0.76472,0.7649,1.37,1.12
2017.03.17 10:15:59.283,0.76472,0.76485,1.75,1.00
2017.03.17 10:15:59.384,0.76474,0.7649,1.00,1.12
2017.03.17 10:16:00.018,0.76471,0.7649,1.12,1.00
2017.03.17 10:16:01.774,0.76472,0.7649,1.75,1.37
2017.03.17 10:16:01.825,0.7647,0.7649,1.75,1.75
2017.03.17 10:16:02.026,0.76467,0.76485,1.75,1.00
2017.03.17 10:16:02.555,0.76467,0.76485,1.75,1.00
2017.03.17 10:16:03.205,0.76466,0.76485,1.75,1.50
2017.03.17 10:16:04.598,0.76466,0.76486,1.12,1.87
2017.03.17 10:16:05.479,0.76467,0.76486,1.12,1.12
2017.03.17 10:16:05.899,0.76472,0.76486,1.00,1.12
2017.03.17 10:16:06.410,0.76468,0.76485,1.87,1.00
2017.03.17 10:16:07.374,0.76468,0.76485,1.75,1.37
2017.03.17 10:16:07.525,0.76465,0.76485,1.75,1.12
2017.03.17 10:16:07.576,0.76463,0.7648,3.75,1.00
2017.03.17 10:16:07.626,0.76463,0.7648,1.75,1.00
2017.03.17 10:16:07.728,0.76461,0.7648,1.12,1.12
2017.03.17 10:16:07.894,0.76461,0.76476,1.12,1.00
2017.03.17 10:16:08.046,0.7646,0.76476,1.00,1.00
2017.03.17 10:16:08.299,0.7646,0.76479,1.50,1.37
2017.03.17 10:16:08.737,0.76461,0.7648,1.37,1.75
2017.03.17 10:16:08.787,0.76461,0.7648,1.00,1.75
2017.03.17 10:16:08.919,0.76461,0.7648,1.12,1.12
2017.03.17 10:16:09.229,0.7646,0.7648,2.25,1.12
2017.03.17 10:16:10.440,0.76461,0.7648,1.12,1.00
2017.03.17 10:16:11.388,0.76465,0.76481,1.50,1.00
2017.03.17 10:16:11.701,0.76466,0.7648,1.12,1.00
2017.03.17 10:16:11.855,0.76467,0.7648,1.00,1.00
2017.03.17 10:16:13.223,0.76467,0.76481,1.00,1.00
2017.03.17 10:16:15.230,0.76467,0.76485,1.00,1.00
2017.03.17 10:16:16.746,0.76467,0.76485,1.37,1.00
2017.03.17 10:16:16.820,0.76467,0.76485,1.12,1.00
2017.03.17 10:16:24.036,0.76464,0.7648,3.37,1.00
2017.03.17 10:16:24.187,0.76461,0.7648,3.75,1.00
2017.03.17 10:16:24.439,0.76461,0.7648,1.37,1.00
2017.03.17 10:16:25.999,0.76461,0.7648,1.75,1.00
2017.03.17 10:16:26.444,0.76464,0.76481,1.37,1.00
2017.03.17 10:16:26.595,0.76466,0.76485,1.50,1.50
2017.03.17 10:16:27.105,0.76466,0.76485,1.37,1.50
2017.03.17 10:16:29.945,0.76466,0.7648,1.37,1.00
2017.03.17 10:16:31.057,0.76465,0.76485,2.62,1.50
2017.03.17 10:16:31.157,0.76464,0.7648,1.75,1.00
2017.03.17 10:16:31.258,0.76462,0.7648,1.75,1.00
2017.03.17 10:16:31.421,0.76461,0.7648,1.87,1.00
2017.03.17 10:16:32.099,0.76461,0.76481,1.50,1.12
2017.03.17 10:16:32.627,0.7647,0.76487,1.00,4.12
2017.03.17 10:16:32.778,0.76475,0.76488,1.00,1.00
2017.03.17 10:16:32.879,0.76477,0.76488,1.00,1.00
2017.03.17 10:16:33.054,0.76478,0.7649,1.50,1.00
2017.03.17 10:16:33.105,0.76478,0.76493,1.00,1.50
2017.03.17 10:16:33.206,0.76477,0.76495,1.75,1.12
2017.03.17 10:16:33.306,0.76477,0.76495,1.12,1.50
2017.03.17 10:16:33.809,0.76477,0.76496,1.00,1.87
2017.03.17 10:16:33.928,0.76477,0.7649,1.00,1.00
2017.03.17 10:16:33.979,0.76475,0.76495,2.62,1.87
2017.03.17 10:16:34.133,0.76475,0.7649,2.62,1.00
2017.03.17 10:16:34.384,0.76476,0.76495,1.00,1.50
2017.03.17 10:16:34.435,0.76476,0.7649,1.00,1.00
2017.03.17 10:16:34.536,0.76475,0.76495,2.62,1.50
2017.03.17 10:16:34.715,0.76476,0.76491,1.50,1.00
2017.03.17 10:16:34.816,0.76477,0.76495,1.75,1.50
2017.03.17 10:16:34.917,0.76478,0.7649,1.12,1.00
2017.03.17 10:16:35.175,0.76475,0.76495,1.12,1.87
2017.03.17 10:16:35.276,0.76477,0.7649,1.12,1.00
2017.03.17 10:16:35.327,0.76477,0.76495,1.87,1.50
2017.03.17 10:16:35.428,0.76478,0.76495,1.12,1.00
2017.03.17 10:16:35.478,0.76478,0.76495,1.12,1.00
2017.03.17 10:16:35.920,0.76477,0.76491,1.75,1.00
2017.03.17 10:16:35.970,0.76477,0.76491,1.75,1.00
2017.03.17 10:16:36.021,0.76475,0.76491,1.75,1.00
2017.03.17 10:16:36.512,0.76475,0.76495,2.62,1.87
2017.03.17 10:16:36.724,0.76475,0.7649,1.75,1.00
2017.03.17 10:16:36.939,0.76477,0.76495,1.50,1.87
2017.03.17 10:16:37.191,0.76478,0.76495,1.87,1.00
2017.03.17 10:16:37.493,0.76478,0.76495,1.00,1.12
2017.03.17 10:16:38.183,0.76477,0.7649,1.37,1.00
2017.03.17 10:16:38.384,0.76471,0.7649,1.75,1.50
2017.03.17 10:16:38.486,0.76469,0.76486,2.25,1.00
2017.03.17 10:16:38.587,0.76468,0.76486,1.75,1.00
2017.03.17 10:16:38.739,0.7647,0.7649,1.87,1.75
2017.03.17 10:16:38.891,0.76471,0.7649,1.75,1.00
2017.03.17 10:16:39.092,0.76472,0.7649,2.25,1.00
2017.03.17 10:16:39.408,0.76471,0.7649,2.25,1.12
2017.03.17 10:16:44.066,0.76472,0.76486,1.37,1.00
2017.03.17 10:16:44.613,0.76466,0.76485,1.75,1.50
2017.03.17 10:16:45.131,0.76468,0.76485,1.12,1.00
2017.03.17 10:16:46.689,0.76468,0.76485,1.50,1.00
2017.03.17 10:16:47.561,0.76471,0.76486,1.12,1.00
2017.03.17 10:16:47.823,0.76473,0.7649,1.00,1.00
2017.03.17 10:16:48.124,0.76473,0.7649,1.50,1.00
2017.03.17 10:16:48.225,0.76473,0.7649,1.12,1.00
2017.03.17 10:16:49.131,0.76473,0.76491,1.50,1.50
2017.03.17 10:16:51.139,0.76473,0.76491,2.25,1.50
2017.03.17 10:16:53.159,0.76473,0.76491,1.50,1.50
2017.03.17 10:16:53.545,0.76475,0.7649,1.12,1.00
2017.03.17 10:16:53.847,0.76478,0.76495,1.00,1.75
2017.03.17 10:16:54.005,0.76476,0.76495,1.75,1.12
2017.03.17 10:16:54.056,0.76476,0.76495,1.00,1.75
2017.03.17 10:16:54.157,0.76475,0.76495,1.75,1.12
2017.03.17 10:16:54.492,0.7648,0.76498,1.00,1.75
2017.03.17 10:16:54.543,0.76476,0.76495,1.87,1.12
2017.03.17 10:16:54.651,0.76477,0.76495,1.50,1.75
2017.03.17 10:16:54.853,0.76477,0.76495,1.12,1.00
2017.03.17 10:16:55.380,0.76477,0.76495,1.87,1.50
2017.03.17 10:16:56.258,0.76475,0.76495,1.87,1.75
2017.03.17 10:16:56.571,0.76476,0.7649,1.37,1.12
2017.03.17 10:16:56.622,0.76477,0.76495,1.12,1.50
2017.03.17 10:16:56.722,0.76478,0.76495,1.37,1.12
2017.03.17 10:17:00.183,0.76476,0.76495,1.75,1.72
2017.03.17 10:17:00.233,0.76475,0.76494,1.12,1.72
2017.03.17 10:17:00.284,0.76475,0.76493,1.87,1.50
2017.03.17 10:17:00.696,0.76474,0.7649,1.00,1.72
2017.03.17 10:17:01.000,0.76476,0.76496,1.12,2.25
2017.03.17 10:17:01.051,0.76476,0.76496,1.12,2.25
2017.03.17 10:17:01.152,0.76476,0.76496,1.37,3.00
2017.03.17 10:17:02.913,0.76477,0.76495,1.50,2.25
2017.03.17 10:17:03.629,0.76478,0.76495,1.87,1.12
2017.03.17 10:17:03.679,0.76479,0.76495,1.37,1.12
2017.03.17 10:17:04.197,0.76479,0.76495,1.00,1.12
2017.03.17 10:17:04.301,0.76481,0.76495,1.00,1.12
2017.03.17 10:17:05.373,0.7648,0.76495,1.00,1.12
2017.03.17 10:17:06.664,0.76481,0.76499,1.00,1.75
2017.03.17 10:17:06.866,0.7648,0.76498,2.62,1.00
2017.03.17 10:17:07.316,0.7648,0.76498,1.75,1.00
2017.03.17 10:17:08.031,0.76484,0.765,1.00,1.50
2017.03.17 10:17:08.626,0.76485,0.76501,1.00,1.37
2017.03.17 10:17:09.170,0.76483,0.765,1.37,1.12
2017.03.17 10:17:11.031,0.7648,0.765,1.75,1.50
2017.03.17 10:17:11.081,0.76479,0.76495,1.50,1.00
2017.03.17 10:17:11.182,0.76479,0.76495,1.12,1.00
2017.03.17 10:17:12.972,0.7648,0.765,1.00,3.00
2017.03.17 10:17:14.234,0.76481,0.765,1.12,2.25
2017.03.17 10:17:14.284,0.76481,0.765,1.37,1.75
2017.03.17 10:17:14.808,0.76483,0.765,1.00,1.75
2017.03.17 10:17:15.060,0.76483,0.765,1.87,1.00
2017.03.17 10:17:16.375,0.76486,0.765,1.00,1.00
2017.03.17 10:17:16.677,0.76483,0.76501,1.50,1.50
2017.03.17 10:17:17.147,0.76485,0.76501,1.00,1.00
2017.03.17 10:17:17.389,0.76483,0.765,1.50,1.00
2017.03.17 10:17:17.661,0.76485,0.76501,1.00,1.00
2017.03.17 10:17:17.975,0.76483,0.765,1.00,1.00
2017.03.17 10:17:19.580,0.7648,0.765,2.62,1.75
2017.03.17 10:17:21.989,0.76485,0.76504,1.00,3.75
2017.03.17 10:17:22.201,0.76482,0.765,1.12,1.12
2017.03.17 10:17:23.002,0.76485,0.76503,1.00,1.12
2017.03.17 10:17:24.572,0.76482,0.765,1.75,1.12
2017.03.17 10:17:30.541,0.76485,0.76504,1.00,1.87
2017.03.17 10:17:31.300,0.76485,0.76503,1.50,1.00
2017.03.17 10:17:31.401,0.76485,0.76505,2.25,2.62
2017.03.17 10:17:33.016,0.76487,0.76505,1.87,1.00
2017.03.17 10:17:33.882,0.7649,0.76508,1.00,1.75
2017.03.17 10:17:34.410,0.76491,0.76509,1.12,1.12
2017.03.17 10:17:34.714,0.76489,0.76505,1.00,1.50
2017.03.17 10:17:35.244,0.7649,0.76505,1.00,1.00
2017.03.17 10:17:35.395,0.7649,0.76508,1.50,1.00
2017.03.17 10:17:35.982,0.76491,0.76508,1.00,1.00
2017.03.17 10:17:36.762,0.7649,0.76508,2.25,1.00
2017.03.17 10:17:37.379,0.7649,0.7651,2.25,1.87
2017.03.17 10:17:38.081,0.7649,0.7651,2.25,1.87
2017.03.17 10:17:38.847,0.76493,0.7651,1.00,1.50
2017.03.17 10:17:39.378,0.76492,0.7651,1.75,1.12
2017.03.17 10:17:42.299,0.76495,0.76512,1.00,1.75
2017.03.17 10:17:44.502,0.76491,0.7651,2.25,1.50
2017.03.17 10:17:44.564,0.7649,0.76509,2.25,1.37
2017.03.17 10:17:44.615,0.7649,0.76509,1.00,1.12
2017.03.17 10:17:45.817,0.7649,0.76508,1.00,1.50
2017.03.17 10:17:50.600,0.76489,0.76506,1.50,1.00
2017.03.17 10:17:50.751,0.76489,0.76508,2.25,1.50
2017.03.17 10:17:51.111,0.76491,0.76509,1.12,1.50
2017.03.17 10:17:51.605,0.76493,0.7651,1.00,2.25
2017.03.17 10:17:52.277,0.76492,0.7651,1.12,2.25
2017.03.17 10:17:53.438,0.76495,0.76511,1.00,1.75
2017.03.17 10:17:56.658,0.76492,0.7651,1.12,1.75
2017.03.17 10:18:01.817,0.76491,0.76511,1.75,2.25
2017.03.17 10:18:02.019,0.76491,0.76511,2.25,1.50
2017.03.17 10:18:03.151,0.76491,0.7651,1.37,1.50
2017.03.17 10:18:03.252,0.76495,0.76513,1.00,1.75
2017.03.17 10:18:03.353,0.76495,0.76513,1.00,1.75
2017.03.17 10:18:03.555,0.76491,0.76505,1.12,1.00
2017.03.17 10:18:03.856,0.76487,0.76505,1.00,2.25
2017.03.17 10:18:04.403,0.76486,0.76505,1.75,2.25
2017.03.17 10:18:04.939,0.76487,0.76505,1.00,2.25
2017.03.17 10:18:05.747,0.76486,0.76505,1.75,2.25
2017.03.17 10:18:06.260,0.76485,0.76505,1.87,2.25
2017.03.17 10:18:10.232,0.76485,0.76506,1.87,3.75
2017.03.17 10:18:14.230,0.76487,0.76503,1.00,1.00
2017.03.17 10:18:14.549,0.76483,0.76501,1.75,1.00
2017.03.17 10:18:14.663,0.76481,0.765,2.25,1.37
2017.03.17 10:18:17.335,0.7648,0.76496,1.12,1.00
2017.03.17 10:18:17.390,0.7648,0.765,1.87,1.37
2017.03.17 10:18:17.910,0.76481,0.765,3.00,1.00
2017.03.17 10:18:18.433,0.76482,0.765,1.12,1.37
2017.03.17 10:18:18.534,0.7648,0.765,3.00,1.75
2017.03.17 10:18:18.635,0.76483,0.76495,1.00,1.00
2017.03.17 10:18:19.116,0.76481,0.765,1.50,1.75
2017.03.17 10:18:21.097,0.76482,0.76496,1.12,1.00
2017.03.17 10:18:21.601,0.76482,0.76495,1.12,1.00
2017.03.17 10:18:22.159,0.7648,0.76495,1.00,1.00
2017.03.17 10:18:22.732,0.76481,0.76495,1.00,1.00
2017.03.17 10:18:23.855,0.7648,0.76498,1.50,1.00
2017.03.17 10:18:23.963,0.76479,0.76495,1.87,1.00
2017.03.17 10:18:24.281,0.7648,0.76495,1.87,1.00
2017.03.17 10:18:24.332,0.7648,0.76498,2.62,1.00
2017.03.17 10:18:24.670,0.76483,0.76501,1.00,1.50
2017.03.17 10:18:25.021,0.76482,0.76501,1.00,1.50
2017.03.17 10:18:26.072,0.76484,0.76501,1.00,1.75
2017.03.17 10:18:27.014,0.76483,0.76501,1.00,1.75
2017.03.17 10:18:27.766,0.76482,0.765,1.37,1.75
2017.03.17 10:18:28.018,0.76482,0.765,1.75,1.12
2017.03.17 10:18:28.337,0.76482,0.765,2.25,1.37
2017.03.17 10:18:28.847,0.76482,0.765,1.87,1.75
2017.03.17 10:18:30.613,0.76482,0.765,1.12,1.75
2017.03.17 10:18:31.090,0.76481,0.765,2.25,1.12
2017.03.17 10:18:31.322,0.76478,0.76495,4.12,1.00
2017.03.17 10:18:31.423,0.76477,0.76495,1.75,1.00
2017.03.17 10:18:31.523,0.76475,0.76495,3.00,1.12
2017.03.17 10:18:31.574,0.76475,0.76495,2.25,1.37
2017.03.17 10:18:31.899,0.76477,0.76495,3.75,1.00
2017.03.17 10:18:31.950,0.76479,0.76495,1.87,1.00
2017.03.17 10:18:32.373,0.76476,0.76495,1.87,1.12
2017.03.17 10:18:32.890,0.76475,0.76495,2.62,1.12
2017.03.17 10:18:32.991,0.76475,0.76495,2.25,1.87
2017.03.17 10:18:47.609,0.76475,0.76494,1.00,1.12
2017.03.17 10:18:48.095,0.76475,0.76492,3.00,1.00
2017.03.17 10:18:48.855,0.76477,0.76495,1.00,1.75
2017.03.17 10:18:48.906,0.76477,0.76495,1.12,1.50
2017.03.17 10:18:49.327,0.76477,0.76495,2.25,1.12
2017.03.17 10:18:49.682,0.7648,0.76495,1.50,1.00
2017.03.17 10:18:51.583,0.7648,0.76495,1.37,1.00
2017.03.17 10:18:52.114,0.76479,0.76495,1.87,1.00
2017.03.17 10:18:52.734,0.76479,0.76496,2.25,1.12
2017.03.17 10:18:53.370,0.76481,0.765,1.87,1.50
2017.03.17 10:18:53.522,0.76481,0.765,1.50,1.00
2017.03.17 10:18:53.623,0.76483,0.76501,1.00,2.25
2017.03.17 10:18:53.724,0.76481,0.765,1.37,1.00
2017.03.17 10:18:54.016,0.76482,0.765,1.00,1.75
2017.03.17 10:18:54.220,0.76482,0.76501,1.12,2.25
2017.03.17 10:18:54.443,0.76485,0.76501,1.00,1.75
2017.03.17 10:18:54.960,0.76484,0.76504,1.00,1.87
2017.03.17 10:18:55.061,0.76484,0.76504,1.75,1.87
2017.03.17 10:18:55.788,0.76486,0.76506,2.25,2.25
2017.03.17 10:18:55.946,0.76487,0.76505,1.00,1.00
2017.03.17 10:19:01.433,0.76487,0.76505,1.37,1.00
2017.03.17 10:19:02.125,0.76489,0.76505,1.00,1.00
2017.03.17 10:19:02.700,0.7649,0.76505,1.00,1.00
2017.03.17 10:19:03.446,0.76488,0.76506,1.87,1.12
2017.03.17 10:19:06.261,0.76489,0.76505,1.50,1.00
2017.03.17 10:19:06.824,0.76489,0.76506,1.37,1.12
2017.03.17 10:19:07.026,0.7649,0.76508,1.00,1.12
2017.03.17 10:19:07.227,0.76488,0.76505,1.00,1.50
2017.03.17 10:19:07.476,0.7649,0.7651,1.00,5.25
2017.03.17 10:19:08.776,0.76489,0.7651,1.00,3.75
2017.03.17 10:19:09.082,0.7649,0.7651,1.50,2.25
2017.03.17 10:19:09.470,0.7649,0.7651,1.37,4.12
2017.03.17 10:19:10.938,0.7649,0.76506,1.50,1.00
2017.03.17 10:19:11.487,0.7649,0.7651,1.50,2.25
2017.03.17 10:19:12.447,0.7649,0.7651,1.12,4.12
2017.03.17 10:19:13.761,0.7649,0.7651,1.50,2.25
2017.03.17 10:19:14.794,0.7649,0.7651,1.50,1.75
2017.03.17 10:19:15.146,0.7649,0.7651,1.37,2.62
2017.03.17 10:19:15.726,0.7649,0.7651,1.00,2.62
2017.03.17 10:19:17.545,0.76488,0.76505,1.50,1.12
2017.03.17 10:19:17.850,0.7649,0.76508,1.00,3.00
2017.03.17 10:19:18.290,0.7649,0.7651,1.12,1.75
2017.03.17 10:19:18.390,0.7649,0.7651,1.00,1.75
2017.03.17 10:19:19.004,0.7649,0.76509,1.37,1.75
2017.03.17 10:19:19.205,0.7649,0.76509,1.50,1.50
2017.03.17 10:19:19.463,0.7649,0.76509,1.12,1.75
2017.03.17 10:19:20.660,0.76487,0.76505,1.00,1.37
2017.03.17 10:19:20.710,0.7649,0.76507,1.00,1.75
2017.03.17 10:19:20.907,0.76486,0.76505,1.87,1.75
2017.03.17 10:19:20.958,0.7649,0.76506,1.00,1.75
2017.03.17 10:19:21.031,0.76486,0.76505,1.87,1.75
2017.03.17 10:19:21.182,0.76487,0.76505,1.00,1.50
2017.03.17 10:19:22.176,0.76485,0.76503,1.75,1.37
2017.03.17 10:19:22.582,0.76485,0.76502,1.00,1.12
2017.03.17 10:19:22.785,0.76485,0.76502,1.12,1.37
2017.03.17 10:19:24.104,0.76484,0.765,1.37,1.00
2017.03.17 10:19:24.306,0.76485,0.76505,1.87,1.75
2017.03.17 10:19:24.407,0.76485,0.76504,1.00,1.00
2017.03.17 10:19:24.608,0.76487,0.76505,1.00,1.00
2017.03.17 10:19:26.414,0.76488,0.76505,1.00,1.50
2017.03.17 10:19:26.616,0.76491,0.76509,1.00,1.00
2017.03.17 10:19:27.177,0.76491,0.76509,1.37,1.00
2017.03.17 10:19:27.704,0.76491,0.76509,1.00,1.00
2017.03.17 10:19:27.905,0.76489,0.76509,1.87,1.87
2017.03.17 10:19:28.658,0.7649,0.7651,1.50,3.00
2017.03.17 10:19:29.174,0.7649,0.76507,1.12,1.37
2017.03.17 10:19:29.876,0.7649,0.76509,1.00,1.12
2017.03.17 10:19:30.178,0.76487,0.76505,1.37,1.50
2017.03.17 10:19:30.229,0.7649,0.76507,1.00,1.75
2017.03.17 10:19:30.580,0.7649,0.76508,1.00,4.50
2017.03.17 10:19:34.744,0.76485,0.76506,1.50,1.75
2017.03.17 10:19:35.254,0.76487,0.76506,1.37,1.75
2017.03.17 10:19:35.305,0.76488,0.76506,1.00,1.37
2017.03.17 10:19:35.512,0.76487,0.76506,1.00,1.75
2017.03.17 10:19:36.198,0.76485,0.76506,1.87,2.25
2017.03.17 10:19:37.573,0.7649,0.76506,1.00,1.75
2017.03.17 10:19:38.086,0.7649,0.76507,1.00,1.75
2017.03.17 10:19:38.136,0.7649,0.76507,1.00,1.75
2017.03.17 10:19:38.371,0.76486,0.76505,1.75,1.50
2017.03.17 10:19:38.471,0.76485,0.76504,1.75,1.50
2017.03.17 10:19:38.623,0.76481,0.765,1.50,1.37
2017.03.17 10:19:38.724,0.7648,0.765,2.25,1.75
2017.03.17 10:19:38.774,0.76484,0.765,1.00,1.75
2017.03.17 10:19:39.511,0.76486,0.765,1.00,1.75
2017.03.17 10:19:39.644,0.76485,0.76502,1.00,1.12
2017.03.17 10:19:39.750,0.76485,0.76503,1.12,1.37
2017.03.17 10:19:39.802,0.76485,0.76502,1.00,1.12
2017.03.17 10:19:40.012,0.76481,0.765,2.25,1.50
2017.03.17 10:19:43.238,0.7648,0.76498,1.12,1.37
2017.03.17 10:19:46.004,0.7648,0.765,1.87,1.50
2017.03.17 10:19:46.055,0.7648,0.765,2.25,1.12
2017.03.17 10:19:46.230,0.7648,0.765,1.50,2.25
2017.03.17 10:19:46.891,0.7648,0.76498,1.00,1.00
2017.03.17 10:19:47.401,0.7648,0.76498,2.62,1.00
2017.03.17 10:19:47.452,0.7648,0.76498,1.50,1.00
2017.03.17 10:19:47.603,0.76482,0.76498,1.00,1.00
2017.03.17 10:19:47.762,0.7648,0.76498,1.50,1.00
2017.03.17 10:19:48.435,0.76481,0.76498,1.00,1.00
2017.03.17 10:19:48.980,0.76481,0.765,2.25,1.75
2017.03.17 10:19:49.232,0.7648,0.765,1.50,1.75
2017.03.17 10:19:49.564,0.7648,0.765,1.87,1.75
2017.03.17 10:19:50.181,0.7648,0.765,1.50,1.75
2017.03.17 10:19:51.450,0.7648,0.765,1.12,1.87
2017.03.17 10:19:54.034,0.7648,0.76499,3.00,1.00
2017.03.17 10:19:54.212,0.7648,0.76495,1.00,1.00
2017.03.17 10:19:54.716,0.7648,0.76499,1.00,1.12
2017.03.17 10:20:04.755,0.7648,0.76498,1.00,1.75
2017.03.17 10:20:04.813,0.76477,0.76495,1.00,1.75
2017.03.17 10:20:04.964,0.7648,0.76497,1.00,1.75
2017.03.17 10:20:05.636,0.76475,0.76494,1.50,1.37
2017.03.17 10:20:05.787,0.76475,0.76492,1.00,1.12
2017.03.17 10:20:06.128,0.76475,0.76491,1.00,1.87
2017.03.17 10:20:06.970,0.7647,0.7649,3.00,1.75
2017.03.17 10:20:10.046,0.76475,0.76491,1.00,1.87
2017.03.17 10:20:11.100,0.76475,0.76491,1.00,2.25
2017.03.17 10:20:11.151,0.7647,0.7649,1.87,1.87
2017.03.17 10:20:11.252,0.76467,0.76486,2.25,1.12
2017.03.17 10:20:11.302,0.7647,0.76488,1.50,1.00
2017.03.17 10:20:11.441,0.7647,0.76487,1.00,1.37
2017.03.17 10:20:11.743,0.76467,0.76486,1.37,1.75
2017.03.17 10:20:12.051,0.7647,0.7649,1.12,3.37
2017.03.17 10:20:12.101,0.76471,0.76488,1.00,1.37
2017.03.17 10:20:12.202,0.7647,0.76488,1.00,1.87
2017.03.17 10:20:12.734,0.7647,0.76488,1.00,1.87
2017.03.17 10:20:13.985,0.7647,0.76487,1.00,1.12
2017.03.17 10:20:14.150,0.76467,0.76485,1.12,1.75
2017.03.17 10:20:14.647,0.7647,0.76487,1.00,1.12
2017.03.17 10:20:14.713,0.76467,0.76486,1.12,1.75
2017.03.17 10:20:17.438,0.7647,0.76487,1.00,1.12
2017.03.17 10:20:18.629,0.76467,0.76485,1.12,1.75
2017.03.17 10:20:19.917,0.76469,0.76488,1.12,1.75
2017.03.17 10:20:20.119,0.7647,0.7649,1.12,2.62
2017.03.17 10:20:20.654,0.7647,0.7649,2.62,2.25
2017.03.17 10:20:20.704,0.7647,0.7649,3.00,2.25
2017.03.17 10:20:24.227,0.76475,0.76494,1.00,2.62
2017.03.17 10:20:24.327,0.76475,0.76494,1.00,2.25
2017.03.17 10:20:26.975,0.76473,0.7649,1.50,1.12
2017.03.17 10:20:27.026,0.76474,0.76494,1.75,2.25
2017.03.17 10:20:27.228,0.76479,0.76498,1.50,1.75
2017.03.17 10:20:27.329,0.7648,0.76498,1.50,1.50
2017.03.17 10:20:27.429,0.7648,0.76499,1.00,1.87
2017.03.17 10:20:28.150,0.76479,0.76495,1.12,1.00
2017.03.17 10:20:31.761,0.7648,0.76498,1.00,1.75
2017.03.17 10:20:32.280,0.7648,0.765,1.50,1.75
2017.03.17 10:20:32.837,0.76485,0.76501,1.00,1.87
2017.03.17 10:20:32.888,0.76481,0.765,1.00,1.75
2017.03.17 10:20:35.906,0.76485,0.76502,1.00,1.87
2017.03.17 10:20:36.420,0.76485,0.76502,1.00,1.12
2017.03.17 10:20:38.317,0.76485,0.76504,1.12,1.75
2017.03.17 10:20:38.418,0.76485,0.76504,1.50,1.75
2017.03.17 10:20:41.422,0.76486,0.76505,1.37,2.25
2017.03.17 10:20:42.030,0.76486,0.76505,1.75,2.25
2017.03.17 10:20:45.228,0.76487,0.76505,1.12,1.00
2017.03.17 10:20:46.136,0.76485,0.76505,1.75,1.87
2017.03.17 10:20:46.237,0.76485,0.76504,1.75,1.00
2017.03.17 10:20:47.241,0.76484,0.76505,3.00,1.50
2017.03.17 10:20:48.042,0.7649,0.76505,1.00,1.12
2017.03.17 10:20:48.587,0.76485,0.76505,1.87,1.12
2017.03.17 10:20:49.373,0.7649,0.76506,1.00,1.37
2017.03.17 10:20:56.465,0.76485,0.76505,2.62,1.12
2017.03.17 10:20:57.225,0.76485,0.76505,2.25,1.50
2017.03.17 10:20:57.480,0.76485,0.76503,1.12,1.75
2017.03.17 10:20:57.531,0.76484,0.76504,1.50,1.12
2017.03.17 10:20:57.682,0.76484,0.76504,1.37,1.12
2017.03.17 10:20:57.986,0.76483,0.765,1.12,1.00
2017.03.17 10:20:58.510,0.7648,0.765,1.75,1.12
2017.03.17 10:20:59.876,0.76485,0.76501,1.00,1.37
2017.03.17 10:21:00.587,0.76485,0.76503,1.12,1.50
2017.03.17 10:21:00.638,0.76485,0.76503,1.37,1.12
2017.03.17 10:21:02.456,0.76486,0.76504,1.37,1.12
2017.03.17 10:21:02.957,0.76486,0.76505,1.37,2.25
2017.03.17 10:21:03.209,0.76485,0.76505,1.87,1.87
2017.03.17 10:21:05.261,0.76488,0.76505,1.50,1.87
2017.03.17 10:21:05.563,0.76489,0.76505,1.75,1.00
2017.03.17 10:21:06.059,0.76489,0.76508,2.25,1.00
2017.03.17 10:21:07.245,0.76488,0.76505,1.87,1.00
2017.03.17 10:21:07.497,0.7649,0.7651,1.12,3.00
2017.03.17 10:21:08.046,0.76485,0.76505,2.62,1.12
2017.03.17 10:21:08.569,0.76489,0.76506,1.00,1.00
2017.03.17 10:21:09.649,0.76489,0.76506,1.00,1.37
2017.03.17 10:21:10.216,0.76486,0.76506,1.12,1.50
2017.03.17 10:21:11.437,0.76487,0.76506,1.87,1.00
2017.03.17 10:21:12.314,0.76487,0.76505,1.87,1.00
2017.03.17 10:21:17.383,0.7649,0.76508,1.75,1.50
2017.03.17 10:21:17.434,0.76489,0.76505,1.12,1.00
2017.03.17 10:21:17.636,0.76486,0.76505,2.62,1.00
2017.03.17 10:21:17.737,0.76486,0.76505,1.87,1.50
2017.03.17 10:21:19.267,0.76487,0.76505,2.25,1.12
2017.03.17 10:21:21.927,0.76488,0.76506,1.00,1.50
2017.03.17 10:21:22.317,0.76486,0.76506,1.87,1.00
2017.03.17 10:21:23.264,0.76487,0.76505,1.87,1.00
2017.03.17 10:21:23.874,0.76486,0.76505,1.75,1.37
2017.03.17 10:21:23.925,0.76485,0.76505,2.25,1.50
2017.03.17 10:21:24.486,0.76484,0.765,1.75,1.00
2017.03.17 10:21:24.637,0.7648,0.76498,3.00,1.00
2017.03.17 10:21:24.851,0.76483,0.76501,1.00,2.25
2017.03.17 10:21:26.663,0.76477,0.76494,3.00,1.00
2017.03.17 10:21:26.850,0.76473,0.7649,3.37,1.00
2017.03.17 10:21:26.951,0.76472,0.7649,1.75,1.12
2017.03.17 10:21:27.051,0.76472,0.7649,1.12,1.50
2017.03.17 10:21:29.498,0.76471,0.7649,1.75,2.25
2017.03.17 10:21:29.800,0.76472,0.7649,1.50,1.00
2017.03.17 10:21:30.954,0.76472,0.76491,1.75,1.00
2017.03.17 10:21:31.108,0.76475,0.76495,1.50,3.00
2017.03.17 10:21:31.209,0.76476,0.76495,1.00,1.50
2017.03.17 10:21:32.341,0.76476,0.76494,1.00,1.00
2017.03.17 10:21:33.771,0.76476,0.76495,1.00,2.25
2017.03.17 10:21:34.172,0.76476,0.7649,1.00,1.00
2017.03.17 10:21:34.524,0.7647,0.76489,1.50,1.12
2017.03.17 10:21:34.749,0.7647,0.76489,1.75,1.00
2017.03.17 10:21:38.999,0.76471,0.7649,1.12,1.12
2017.03.17 10:21:41.365,0.76473,0.7649,1.37,1.00
2017.03.17 10:21:41.930,0.76473,0.7649,1.12,1.00
2017.03.17 10:21:43.252,0.76475,0.76492,1.00,1.00
2017.03.17 10:21:43.797,0.76471,0.76491,1.12,1.00
2017.03.17 10:21:44.746,0.76473,0.7649,1.12,1.00
2017.03.17 10:21:44.853,0.76472,0.7649,1.12,1.12
2017.03.17 10:21:44.954,0.76475,0.76493,1.50,1.50
2017.03.17 10:21:47.335,0.76472,0.76491,1.12,1.00
2017.03.17 10:21:47.690,0.76472,0.76491,1.75,1.50
2017.03.17 10:21:47.841,0.76473,0.76491,1.00,1.75
2017.03.17 10:21:48.250,0.7647,0.76489,1.50,1.12
2017.03.17 10:21:48.926,0.76468,0.76485,1.12,1.00
2017.03.17 10:21:49.909,0.7647,0.76489,1.50,1.12
2017.03.17 10:21:56.346,0.76469,0.76491,1.87,2.25
2017.03.17 10:21:56.556,0.7647,0.76491,1.87,1.50
2017.03.17 10:21:57.066,0.76473,0.76491,1.00,1.87
2017.03.17 10:21:58.041,0.76473,0.7649,1.00,1.00
2017.03.17 10:22:00.473,0.76471,0.7649,1.87,1.00
2017.03.17 10:22:01.672,0.76473,0.7649,1.00,1.12
2017.03.17 10:22:02.838,0.76472,0.7649,1.12,1.00
2017.03.17 10:22:04.827,0.76475,0.76493,1.50,1.50
2017.03.17 10:22:09.065,0.76472,0.76491,1.12,1.00
2017.03.17 10:22:09.218,0.76473,0.76491,1.37,1.12
2017.03.17 10:22:09.393,0.76473,0.7649,1.12,1.00
2017.03.17 10:22:09.917,0.76472,0.76491,1.12,1.00
2017.03.17 10:22:12.013,0.76472,0.7649,1.12,1.00
2017.03.17 10:22:23.703,0.76475,0.76491,1.37,1.00
2017.03.17 10:22:24.061,0.76475,0.76485,1.37,1.00
2017.03.17 10:22:25.396,0.76475,0.76485,1.37,1.00
2017.03.17 10:22:27.024,0.76475,0.7649,1.37,1.00
2017.03.17 10:22:29.217,0.76475,0.76491,3.00,1.00
2017.03.17 10:22:29.320,0.76477,0.76495,1.37,1.00
2017.03.17 10:22:29.421,0.76478,0.76495,1.75,1.00
2017.03.17 10:22:31.104,0.76479,0.76495,1.12,1.00
2017.03.17 10:22:33.923,0.76478,0.7649,2.62,1.00
2017.03.17 10:22:34.124,0.76474,0.7649,4.50,1.00
2017.03.17 10:22:34.225,0.76474,0.7649,1.12,1.00
2017.03.17 10:22:34.276,0.76474,0.7649,1.37,1.00
2017.03.17 10:22:34.878,0.76474,0.76491,1.37,1.00
2017.03.17 10:22:35.411,0.76474,0.7649,1.00,1.00
2017.03.17 10:22:35.512,0.76473,0.7649,1.00,2.25
2017.03.17 10:22:35.663,0.7647,0.76486,1.00,1.00
2017.03.17 10:22:35.943,0.7647,0.76488,1.00,1.12
2017.03.17 10:22:36.539,0.7647,0.76485,1.12,1.00
2017.03.17 10:22:37.900,0.7647,0.76485,1.87,1.00
2017.03.17 10:22:38.002,0.76471,0.7649,1.50,1.50
2017.03.17 10:22:38.611,0.76471,0.7649,1.37,1.50
2017.03.17 10:22:38.900,0.76471,0.76485,1.50,1.00
2017.03.17 10:22:41.022,0.76472,0.76485,1.00,1.00
2017.03.17 10:22:41.524,0.76469,0.76485,1.12,1.00
2017.03.17 10:22:41.764,0.76467,0.76485,1.12,1.75
2017.03.17 10:22:42.304,0.76466,0.76485,1.87,1.75
2017.03.17 10:22:42.900,0.76467,0.76485,1.00,1.75
2017.03.17 10:22:43.151,0.76467,0.76485,2.25,1.50
2017.03.17 10:22:43.672,0.76467,0.76485,2.25,1.12
2017.03.17 10:22:44.411,0.76468,0.76485,1.37,1.12
2017.03.17 10:22:45.008,0.76468,0.7648,1.37,1.00
2017.03.17 10:22:45.355,0.76468,0.76485,1.37,1.12
2017.03.17 10:22:45.871,0.76467,0.76485,2.25,1.12
2017.03.17 10:22:46.582,0.76468,0.76485,1.12,1.12
2017.03.17 10:22:47.355,0.76469,0.76485,1.00,1.12
2017.03.17 10:22:47.629,0.7647,0.76486,1.37,1.37
2017.03.17 10:22:48.028,0.7647,0.7649,1.87,1.37
2017.03.17 10:22:50.181,0.76471,0.7649,1.12,1.37
2017.03.17 10:22:51.196,0.76472,0.7649,1.00,1.37
2017.03.17 10:22:57.002,0.76472,0.7649,1.37,1.37
2017.03.17 10:22:59.888,0.7647,0.76489,1.50,1.37
2017.03.17 10:22:59.989,0.7647,0.76489,1.50,1.12
2017.03.17 10:23:00.184,0.76468,0.76485,2.25,1.00
2017.03.17 10:23:00.392,0.76468,0.76485,2.25,1.00
2017.03.17 10:23:00.930,0.7647,0.76488,1.00,1.12
2017.03.17 10:23:02.154,0.76467,0.76485,1.75,1.00
2017.03.17 10:23:04.107,0.76466,0.76485,2.25,1.50
2017.03.17 10:23:05.243,0.76467,0.76486,2.25,1.75
2017.03.17 10:23:05.294,0.76468,0.76486,1.50,1.12
2017.03.17 10:23:06.084,0.76469,0.76485,1.37,1.00
2017.03.17 10:23:06.406,0.76467,0.76485,1.12,1.00
2017.03.17 10:23:07.126,0.76467,0.76486,1.00,1.50
2017.03.17 10:23:07.177,0.76467,0.76485,1.00,1.37
2017.03.17 10:23:08.303,0.76464,0.76482,2.62,1.00
2017.03.17 10:23:08.504,0.76465,0.76485,1.50,1.37
2017.03.17 10:23:09.009,0.76465,0.76485,1.87,1.75
2017.03.17 10:23:13.716,0.76465,0.76485,2.25,1.75
2017.03.17 10:23:13.940,0.76467,0.76485,1.00,1.50
2017.03.17 10:23:14.288,0.76467,0.76485,1.12,1.50
2017.03.17 10:23:14.944,0.76466,0.76486,1.75,1.75
2017.03.17 10:23:15.091,0.76466,0.76486,1.12,1.75
2017.03.17 10:23:15.429,0.76466,0.76486,1.37,2.25
2017.03.17 10:23:17.481,0.76468,0.76485,1.37,1.37
2017.03.17 10:23:18.762,0.76467,0.76485,1.12,1.37
2017.03.17 10:23:19.410,0.76468,0.76485,1.37,1.37
2017.03.17 10:23:19.750,0.76468,0.7648,1.37,1.00
2017.03.17 10:23:19.908,0.76465,0.7648,1.75,1.00
2017.03.17 10:23:20.531,0.76465,0.7648,1.12,1.00
2017.03.17 10:23:22.283,0.76465,0.7648,1.12,1.00
2017.03.17 10:23:22.568,0.76465,0.7648,1.12,1.00
2017.03.17 10:23:22.820,0.76468,0.76485,1.00,1.75
2017.03.17 10:23:23.283,0.76467,0.76486,1.12,1.75
2017.03.17 10:23:23.434,0.76468,0.76486,1.37,1.50
2017.03.17 10:23:24.268,0.76468,0.76485,1.12,1.12
2017.03.17 10:23:24.391,0.76471,0.7648,1.00,1.00
2017.03.17 10:23:24.506,0.76468,0.7648,1.12,1.00
2017.03.17 10:23:24.701,0.76468,0.76486,1.00,1.75
2017.03.17 10:23:24.873,0.7647,0.76485,1.00,1.75
2017.03.17 10:23:25.074,0.7647,0.76485,1.00,1.12
2017.03.17 10:23:25.358,0.76471,0.7648,1.00,1.00
2017.03.17 10:23:25.773,0.7647,0.76486,1.00,1.50
2017.03.17 10:23:25.975,0.76473,0.76485,1.00,1.12
2017.03.17 10:23:26.134,0.76474,0.76489,1.00,1.00
2017.03.17 10:23:26.235,0.76474,0.76491,1.00,1.12
2017.03.17 10:23:26.747,0.76474,0.7649,1.00,1.00
2017.03.17 10:23:27.288,0.76473,0.7649,1.00,1.00
2017.03.17 10:23:27.793,0.76472,0.7649,1.75,1.00
2017.03.17 10:23:28.554,0.76472,0.76491,1.75,1.12
2017.03.17 10:23:30.175,0.76472,0.7649,1.75,1.00
2017.03.17 10:23:30.677,0.76472,0.76491,1.75,1.12
2017.03.17 10:23:31.217,0.76472,0.7649,1.37,1.00
2017.03.17 10:23:32.704,0.76472,0.7649,1.75,1.00
2017.03.17 10:23:38.330,0.76472,0.76485,1.75,1.00
2017.03.17 10:23:39.448,0.76472,0.7649,1.75,1.00
2017.03.17 10:23:40.057,0.76472,0.76491,1.75,1.12
2017.03.17 10:23:40.718,0.76472,0.7649,1.75,1.00
2017.03.17 10:23:41.382,0.76475,0.7649,1.00,1.00
2017.03.17 10:23:41.948,0.76475,0.76491,1.00,1.12
2017.03.17 10:23:44.072,0.76475,0.7649,1.12,1.00
2017.03.17 10:23:46.364,0.76474,0.7649,1.12,1.00
2017.03.17 10:23:47.063,0.76474,0.76491,1.12,1.00
2017.03.17 10:23:47.901,0.76474,0.7649,1.12,1.00
2017.03.17 10:23:48.536,0.76475,0.7649,1.37,1.00
2017.03.17 10:23:49.194,0.76475,0.76495,1.87,1.75
2017.03.17 10:23:49.850,0.76475,0.7649,1.37,1.00
2017.03.17 10:23:49.900,0.76473,0.76491,1.50,1.00
2017.03.17 10:23:50.259,0.76471,0.7649,1.12,1.12
2017.03.17 10:23:50.380,0.76471,0.7649,1.00,1.87
2017.03.17 10:23:52.615,0.76471,0.7649,1.00,2.25
2017.03.17 10:23:52.665,0.76471,0.7649,1.00,1.50
2017.03.17 10:23:52.716,0.76471,0.7649,1.00,2.25
2017.03.17 10:23:53.236,0.76471,0.7649,1.00,1.87
2017.03.17 10:23:53.540,0.76468,0.76485,1.75,1.00
2017.03.17 10:23:53.795,0.76465,0.76484,1.50,1.12
2017.03.17 10:23:53.976,0.76463,0.7648,2.25,1.00
2017.03.17 10:23:55.178,0.76462,0.7648,1.12,1.00
2017.03.17 10:23:55.841,0.76462,0.76481,1.12,1.12
2017.03.17 10:23:56.101,0.7646,0.7648,3.37,1.50
2017.03.17 10:23:56.604,0.76464,0.7648,1.00,1.00
2017.03.17 10:23:57.219,0.76464,0.76481,1.00,1.00
2017.03.17 10:23:57.741,0.76464,0.7648,1.00,1.00
2017.03.17 10:24:00.619,0.76464,0.76482,1.00,1.12
2017.03.17 10:24:00.670,0.76464,0.7648,1.00,1.00
2017.03.17 10:24:00.821,0.7646,0.7648,1.12,1.87
2017.03.17 10:24:01.413,0.7646,0.7648,1.50,1.75
2017.03.17 10:24:01.577,0.7646,0.7648,1.50,1.75
2017.03.17 10:24:02.287,0.7646,0.7648,1.50,1.75
2017.03.17 10:24:03.315,0.7646,0.7648,1.87,1.75
2017.03.17 10:24:04.564,0.76465,0.7648,1.00,1.75
2017.03.17 10:24:04.614,0.76465,0.7648,1.00,1.00
2017.03.17 10:24:04.715,0.76466,0.7648,1.50,1.00
2017.03.17 10:24:04.797,0.76466,0.76485,1.50,1.75
2017.03.17 10:24:06.585,0.76468,0.76485,1.00,1.50
2017.03.17 10:24:07.175,0.76466,0.76486,1.12,1.37
2017.03.17 10:24:07.556,0.7647,0.7649,1.00,3.37
2017.03.17 10:24:08.737,0.7647,0.76489,1.12,1.12
2017.03.17 10:24:08.952,0.7647,0.7649,1.50,2.25
2017.03.17 10:24:09.103,0.7647,0.7649,3.75,1.12
2017.03.17 10:24:09.406,0.76468,0.76485,1.75,1.00
2017.03.17 10:24:09.521,0.76469,0.76485,1.75,1.00
2017.03.17 10:24:10.078,0.76469,0.76486,1.75,1.00
2017.03.17 10:24:10.815,0.76469,0.76485,1.75,1.00
2017.03.17 10:24:12.441,0.76469,0.76489,3.75,1.00
2017.03.17 10:24:12.691,0.7647,0.7649,1.37,1.00
2017.03.17 10:24:13.204,0.7647,0.76485,1.12,1.00
2017.03.17 10:24:15.536,0.76471,0.7649,1.37,2.25
2017.03.17 10:24:16.156,0.76472,0.7649,1.00,1.75
2017.03.17 10:24:16.817,0.76471,0.7649,1.75,1.75
2017.03.17 10:24:18.100,0.76473,0.7649,1.00,1.12
2017.03.17 10:24:21.903,0.76473,0.7649,1.37,1.12
2017.03.17 10:24:24.908,0.76473,0.7649,1.00,1.12
2017.03.17 10:24:27.985,0.76472,0.7649,1.12,1.12
2017.03.17 10:24:28.914,0.76473,0.7649,1.00,1.12
2017.03.17 10:24:29.366,0.7647,0.7649,1.87,1.75
2017.03.17 10:24:29.701,0.7647,0.76485,1.75,1.00
2017.03.17 10:24:29.751,0.7647,0.7649,2.25,1.75
2017.03.17 10:24:30.351,0.76472,0.7649,1.37,1.50
2017.03.17 10:24:31.234,0.7647,0.76488,1.75,1.00
2017.03.17 10:24:31.285,0.76469,0.76486,1.87,1.00
2017.03.17 10:24:33.965,0.7647,0.76488,1.75,1.00
2017.03.17 10:24:34.444,0.76471,0.76485,1.12,1.00
2017.03.17 10:24:34.545,0.7647,0.7649,1.87,2.25
2017.03.17 10:24:34.607,0.7647,0.76485,1.12,1.00
2017.03.17 10:24:34.759,0.7647,0.76485,1.37,1.00
2017.03.17 10:24:35.326,0.76469,0.76486,1.87,1.00
2017.03.17 10:24:36.871,0.76468,0.76486,1.00,1.00
2017.03.17 10:24:39.921,0.76467,0.76485,1.37,1.00
2017.03.17 10:24:43.518,0.7647,0.76487,1.00,1.50
2017.03.17 10:24:43.671,0.76466,0.76486,1.87,1.50
2017.03.17 10:24:43.772,0.76466,0.76486,1.50,2.25
2017.03.17 10:24:52.196,0.76465,0.76484,1.50,1.50
2017.03.17 10:24:52.297,0.76465,0.76483,1.50,1.00
2017.03.17 10:24:52.460,0.76463,0.7648,1.37,1.50
2017.03.17 10:24:52.611,0.7646,0.7648,1.87,1.75
2017.03.17 10:24:53.183,0.7646,0.76475,1.12,1.00
2017.03.17 10:24:54.007,0.7646,0.76479,1.12,1.75
2017.03.17 10:24:54.612,0.7646,0.76479,1.50,1.50
2017.03.17 10:24:55.670,0.7646,0.7648,2.25,3.00
2017.03.17 10:24:56.023,0.76462,0.7648,1.12,2.25
2017.03.17 10:24:56.539,0.76462,0.7648,1.75,1.12
2017.03.17 10:24:57.076,0.7646,0.7648,2.25,1.12
2017.03.17 10:24:57.601,0.7646,0.7648,1.50,1.50
2017.03.17 10:25:01.500,0.7646,0.7648,1.50,1.50
2017.03.17 10:25:04.258,0.7646,0.76479,2.25,1.50
2017.03.17 10:25:04.308,0.7646,0.76479,2.25,1.75
2017.03.17 10:25:04.742,0.7646,0.7648,2.25,1.87
2017.03.17 10:25:05.090,0.76465,0.76485,1.00,2.25
2017.03.17 10:25:05.593,0.76462,0.76481,1.75,1.12
2017.03.17 10:25:06.000,0.76462,0.7648,1.50,1.50
2017.03.17 10:25:06.443,0.7646,0.7648,2.25,1.50
2017.03.17 10:25:06.731,0.76461,0.7648,1.12,1.00
2017.03.17 10:25:07.120,0.7646,0.7648,2.62,1.12
2017.03.17 10:25:08.029,0.76465,0.7648,1.00,1.12
2017.03.17 10:25:08.550,0.76462,0.7648,1.75,1.00
2017.03.17 10:25:13.780,0.76465,0.7648,1.00,1.00
2017.03.17 10:25:14.390,0.76464,0.7648,1.75,1.00
2017.03.17 10:25:14.761,0.76461,0.76481,1.50,2.25
2017.03.17 10:25:16.602,0.76465,0.76481,1.00,1.75
2017.03.17 10:25:17.713,0.7646,0.7648,2.25,1.50
2017.03.17 10:25:17.864,0.76461,0.7648,1.00,2.25
2017.03.17 10:25:23.143,0.7646,0.7648,1.87,1.75
2017.03.17 10:25:23.294,0.7646,0.7648,2.25,2.25
2017.03.17 10:25:23.345,0.76462,0.7648,1.37,2.25
2017.03.17 10:25:23.939,0.76462,0.76479,1.00,1.00
2017.03.17 10:25:24.363,0.7646,0.76478,1.12,1.50
2017.03.17 10:25:24.868,0.76459,0.76477,1.00,1.75
2017.03.17 10:25:25.191,0.76459,0.76479,1.12,1.75
2017.03.17 10:25:25.814,0.7646,0.7648,1.00,1.87
2017.03.17 10:25:33.165,0.76458,0.76475,1.75,1.00
2017.03.17 10:25:34.228,0.76459,0.76475,1.37,1.00
2017.03.17 10:25:34.279,0.76459,0.76475,1.00,1.00
2017.03.17 10:25:34.839,0.7646,0.76475,1.00,1.50
2017.03.17 10:25:36.993,0.76459,0.76475,1.00,1.50
2017.03.17 10:25:40.314,0.76457,0.76475,1.12,1.50
2017.03.17 10:25:40.415,0.76459,0.76475,1.00,1.50
2017.03.17 10:25:40.666,0.76457,0.76475,1.00,1.50
2017.03.17 10:25:42.624,0.76456,0.76475,1.75,1.50
2017.03.17 10:25:43.358,0.76455,0.76475,2.25,1.50
2017.03.17 10:25:43.935,0.76458,0.76475,1.00,1.50
2017.03.17 10:25:44.086,0.76455,0.76474,1.12,1.37
2017.03.17 10:25:44.187,0.76452,0.7647,3.37,1.00
2017.03.17 10:25:44.508,0.76452,0.7647,3.00,1.75
2017.03.17 10:25:44.757,0.76452,0.76471,1.12,1.75
2017.03.17 10:25:45.328,0.76451,0.76468,1.00,1.75
2017.03.17 10:25:45.706,0.76446,0.76465,1.87,1.75
2017.03.17 10:25:46.610,0.76447,0.76466,1.50,1.75
2017.03.17 10:25:52.425,0.76448,0.76465,1.00,1.50
2017.03.17 10:25:53.839,0.76446,0.76466,2.25,1.75
2017.03.17 10:25:56.304,0.76448,0.76465,1.00,1.50
2017.03.17 10:25:57.004,0.76447,0.76465,1.12,1.50
2017.03.17 10:25:58.828,0.76446,0.76465,1.00,2.25
2017.03.17 10:25:59.415,0.76445,0.76465,1.87,1.75
2017.03.17 10:25:59.925,0.76445,0.76465,1.50,1.75
2017.03.17 10:26:00.399,0.76445,0.76465,2.62,1.75
2017.03.17 10:26:00.450,0.76446,0.76465,1.75,1.50
2017.03.17 10:26:01.325,0.76447,0.76465,1.00,1.50
2017.03.17 10:26:08.210,0.76447,0.76465,1.37,1.50
2017.03.17 10:26:11.796,0.76447,0.76465,1.00,1.50
2017.03.17 10:26:15.986,0.76446,0.76465,1.12,1.50
2017.03.17 10:26:16.388,0.76446,0.7646,1.12,1.00
2017.03.17 10:26:17.403,0.76446,0.76465,1.12,1.50
2017.03.17 10:26:17.989,0.76446,0.76465,1.37,1.50
2017.03.17 10:26:18.624,0.76446,0.76461,1.37,1.00
2017.03.17 10:26:20.562,0.76446,0.76461,1.00,1.00
2017.03.17 10:26:21.612,0.76446,0.76465,1.00,1.50
2017.03.17 10:26:23.509,0.7645,0.76465,1.00,1.00
2017.03.17 10:26:25.292,0.76446,0.76465,1.00,1.00
2017.03.17 10:26:26.318,0.76447,0.76465,1.00,1.50
2017.03.17 10:26:27.307,0.76446,0.76465,1.50,1.50
2017.03.17 10:26:29.737,0.7645,0.76465,1.00,1.00
2017.03.17 10:26:29.888,0.7645,0.76467,1.00,1.50
2017.03.17 10:26:29.989,0.7645,0.76469,1.75,1.12
2017.03.17 10:26:30.311,0.76447,0.76465,1.75,1.00
2017.03.17 10:26:30.412,0.76447,0.76465,1.50,1.12
2017.03.17 10:26:30.710,0.76448,0.76465,1.12,1.00
2017.03.17 10:26:31.078,0.76451,0.76469,1.00,1.00
2017.03.17 10:26:31.598,0.76452,0.7647,1.37,1.12
2017.03.17 10:26:31.913,0.76452,0.76471,1.00,1.75
2017.03.17 10:26:33.783,0.76452,0.7647,1.12,1.00
2017.03.17 10:26:34.355,0.76453,0.7647,1.00,1.00
2017.03.17 10:26:35.656,0.76452,0.7647,1.50,1.00
2017.03.17 10:26:35.784,0.76454,0.76473,1.00,1.75
2017.03.17 10:26:35.835,0.7645,0.7647,1.50,1.75
2017.03.17 10:26:36.996,0.7645,0.7647,3.37,1.75
2017.03.17 10:26:37.231,0.76452,0.7647,1.00,1.50
2017.03.17 10:26:40.113,0.76452,0.76466,1.00,1.00
2017.03.17 10:26:40.919,0.76452,0.76465,1.00,1.00
2017.03.17 10:26:41.445,0.76452,0.76466,1.00,1.00
2017.03.17 10:26:42.042,0.76452,0.76465,1.00,1.00
2017.03.17 10:26:44.906,0.76446,0.76465,2.25,1.00
2017.03.17 10:26:45.249,0.76444,0.7646,1.75,1.00
2017.03.17 10:26:45.300,0.76447,0.7646,1.00,1.00
2017.03.17 10:26:48.650,0.76443,0.7646,1.75,1.00
2017.03.17 10:26:48.851,0.7644,0.7646,2.62,1.12
2017.03.17 10:26:50.403,0.7644,0.76456,1.75,1.00
2017.03.17 10:26:50.659,0.76439,0.76456,1.37,1.00
2017.03.17 10:26:51.168,0.76439,0.76455,1.12,1.00
2017.03.17 10:26:51.477,0.7644,0.7646,1.50,1.37
2017.03.17 10:26:51.934,0.76439,0.76455,1.12,1.00
2017.03.17 10:26:52.556,0.76442,0.7646,1.00,1.37
2017.03.17 10:26:53.445,0.76441,0.7646,1.12,1.37
2017.03.17 10:26:53.993,0.76442,0.7646,1.00,1.37
2017.03.17 10:26:54.513,0.76441,0.7646,1.12,1.37
2017.03.17 10:26:55.115,0.76442,0.7646,1.00,1.37
2017.03.17 10:26:55.596,0.76445,0.76462,1.00,1.75
2017.03.17 10:26:55.747,0.76445,0.76463,1.12,1.00
2017.03.17 10:26:55.872,0.76444,0.7646,1.37,1.00
2017.03.17 10:26:56.436,0.76444,0.7646,1.00,1.00
2017.03.17 10:27:03.173,0.76445,0.76463,1.00,1.00
2017.03.17 10:27:03.901,0.76444,0.76463,1.50,1.00
2017.03.17 10:27:04.531,0.76445,0.76463,1.50,1.00
2017.03.17 10:27:06.922,0.76444,0.7646,1.75,1.00
2017.03.17 10:27:08.363,0.76444,0.7646,1.12,1.00
2017.03.17 10:27:09.181,0.76445,0.7646,1.00,1.00
2017.03.17 10:27:12.347,0.76444,0.7646,1.50,1.00
2017.03.17 10:27:12.963,0.76444,0.7646,1.37,1.00
2017.03.17 10:27:13.064,0.76444,0.7646,1.87,1.00
2017.03.17 10:27:13.577,0.76446,0.7646,1.37,1.00
2017.03.17 10:27:13.963,0.76445,0.7646,1.37,1.00
2017.03.17 10:27:15.061,0.76445,0.7646,1.12,1.00
2017.03.17 10:27:19.664,0.76446,0.7646,1.00,1.00
2017.03.17 10:27:20.725,0.76446,0.76461,1.00,1.00
2017.03.17 10:27:20.776,0.76446,0.76461,1.37,1.00
2017.03.17 10:27:21.410,0.76446,0.7646,1.12,1.00
2017.03.17 10:27:22.179,0.76447,0.76465,1.12,1.00
2017.03.17 10:27:26.512,0.76449,0.76465,2.25,1.00
2017.03.17 10:27:26.865,0.76449,0.76465,4.12,1.00
2017.03.17 10:27:27.996,0.76449,0.76466,2.62,1.00
2017.03.17 10:27:29.043,0.76452,0.76465,1.75,1.00
2017.03.17 10:27:29.224,0.76452,0.76465,1.50,1.00
2017.03.17 10:27:29.920,0.76453,0.7647,1.00,1.12
2017.03.17 10:27:34.693,0.76452,0.7647,1.75,1.12
2017.03.17 10:27:35.046,0.76454,0.76471,1.75,1.00
2017.03.17 10:27:36.442,0.76456,0.7647,1.37,1.00
2017.03.17 10:27:36.959,0.76453,0.76471,1.75,1.00
2017.03.17 10:27:37.110,0.76453,0.7647,1.12,1.00
2017.03.17 10:27:38.221,0.7645,0.76465,1.12,1.00
2017.03.17 10:27:38.322,0.76451,0.76465,1.12,1.00
2017.03.17 10:27:38.941,0.7645,0.76465,1.00,1.00
2017.03.17 10:27:39.644,0.76449,0.76466,1.37,1.00
2017.03.17 10:27:44.908,0.7645,0.76465,1.00,1.00
2017.03.17 10:27:45.449,0.7645,0.76466,1.00,1.00
2017.03.17 10:27:46.092,0.7645,0.76465,1.00,1.00
2017.03.17 10:27:46.636,0.76447,0.76465,1.12,1.12
2017.03.17 10:27:48.172,0.76448,0.76466,1.12,1.37
2017.03.17 10:27:50.157,0.76447,0.76466,1.12,1.37
2017.03.17 10:27:57.184,0.76448,0.76465,1.87,1.12
2017.03.17 10:27:57.690,0.76448,0.76465,1.87,1.00
