2017.03.09 09:00:00.169,0.76205,0.76225,1.50,2.25
2017.03.09 09:00:00.219,0.76204,0.7622,1.75,1.00
2017.03.09 09:00:00.813,0.76204,0.7622,1.37,1.00
2017.03.09 09:00:00.933,0.76205,0.76225,1.12,1.75
2017.03.09 09:00:01.587,0.76204,0.7622,1.37,1.00
2017.03.09 09:00:02.515,0.76205,0.76225,1.50,3.00
2017.03.09 09:00:03.729,0.76205,0.76224,1.50,1.50
2017.03.09 09:00:04.281,0.76205,0.76224,1.00,1.75
2017.03.09 09:00:04.483,0.76205,0.76224,1.12,1.75
2017.03.09 09:00:04.583,0.76205,0.76224,1.00,1.75
2017.03.09 09:00:05.282,0.76203,0.76221,1.50,1.50
2017.03.09 09:00:05.587,0.76207,0.76225,1.37,1.50
2017.03.09 09:00:06.088,0.76206,0.76225,1.12,1.50
2017.03.09 09:00:06.727,0.76207,0.76225,1.00,1.50
2017.03.09 09:00:07.330,0.76206,0.76225,1.12,1.50
2017.03.09 09:00:08.017,0.76207,0.76225,1.37,1.50
2017.03.09 09:00:09.587,0.76207,0.76225,1.12,1.50
2017.03.09 09:00:11.312,0.76207,0.76225,1.37,1.50
2017.03.09 09:00:12.263,0.76206,0.76225,1.12,1.50
2017.03.09 09:00:12.588,0.76207,0.76225,1.12,1.50
2017.03.09 09:00:12.923,0.7621,0.76229,1.75,2.62
2017.03.09 09:00:13.056,0.76211,0.7623,1.12,2.25
2017.03.09 09:00:13.107,0.76213,0.7623,1.12,1.50
2017.03.09 09:00:13.410,0.7621,0.7623,2.25,2.62
2017.03.09 09:00:13.460,0.7621,0.76226,1.50,1.00
2017.03.09 09:00:13.511,0.76211,0.76226,1.00,1.00
2017.03.09 09:00:13.612,0.76209,0.76226,1.12,1.12
2017.03.09 09:00:13.662,0.76209,0.76226,1.37,1.12
2017.03.09 09:00:13.919,0.76209,0.76228,1.00,1.75
2017.03.09 09:00:14.118,0.76211,0.76226,1.00,1.00
2017.03.09 09:00:14.660,0.7621,0.7623,1.87,1.75
2017.03.09 09:00:17.863,0.76209,0.76225,1.12,1.00
2017.03.09 09:00:19.155,0.76207,0.76225,1.12,1.50
2017.03.09 09:00:21.875,0.76207,0.76225,1.12,1.75
2017.03.09 09:00:22.401,0.76209,0.76225,1.75,1.75
2017.03.09 09:00:22.523,0.76215,0.76228,1.00,1.50
2017.03.09 09:00:22.624,0.76212,0.7623,1.87,1.12
2017.03.09 09:00:23.162,0.76214,0.7623,1.50,1.00
2017.03.09 09:00:25.384,0.76215,0.7623,1.12,1.00
2017.03.09 09:00:25.434,0.76215,0.7623,1.12,1.00
2017.03.09 09:00:25.787,0.76215,0.7623,1.12,1.00
2017.03.09 09:00:25.841,0.76215,0.7623,1.00,1.00
2017.03.09 09:00:27.364,0.76214,0.76235,1.87,1.75
2017.03.09 09:00:27.943,0.76214,0.7623,1.37,1.00
2017.03.09 09:00:29.167,0.76216,0.76235,1.00,1.75
2017.03.09 09:00:29.318,0.76216,0.76235,1.50,1.50
2017.03.09 09:00:29.660,0.76216,0.76235,1.12,1.50
2017.03.09 09:00:30.211,0.76215,0.76235,1.12,1.75
2017.03.09 09:00:31.684,0.76215,0.76235,1.75,1.50
2017.03.09 09:00:32.121,0.76215,0.76235,1.12,1.75
2017.03.09 09:00:32.507,0.76215,0.7623,1.12,1.00
2017.03.09 09:00:33.021,0.76214,0.7623,1.00,1.12
2017.03.09 09:00:33.584,0.76212,0.7623,1.37,1.50
2017.03.09 09:00:34.143,0.76211,0.7623,3.00,1.50
2017.03.09 09:00:34.574,0.76215,0.76234,1.00,2.62
2017.03.09 09:00:35.306,0.76215,0.76235,1.12,3.00
2017.03.09 09:00:37.025,0.76214,0.7623,1.00,1.12
2017.03.09 09:00:38.233,0.76215,0.76235,1.12,2.25
2017.03.09 09:00:38.809,0.76215,0.76234,1.37,2.62
2017.03.09 09:00:39.330,0.76214,0.7623,1.37,1.12
2017.03.09 09:00:39.632,0.76215,0.76235,1.50,1.75
2017.03.09 09:00:40.000,0.76215,0.76235,1.87,2.25
2017.03.09 09:00:43.647,0.76216,0.76235,1.00,2.25
2017.03.09 09:00:44.543,0.76214,0.76235,2.25,1.75
2017.03.09 09:00:47.135,0.76215,0.76235,1.50,2.25
2017.03.09 09:00:47.728,0.76215,0.76235,1.12,1.75
2017.03.09 09:00:49.520,0.76214,0.7623,2.25,1.00
2017.03.09 09:00:49.816,0.76215,0.76235,1.12,1.75
2017.03.09 09:00:50.911,0.76215,0.76235,1.12,1.75
2017.03.09 09:00:51.011,0.76213,0.7623,1.50,1.12
2017.03.09 09:00:51.533,0.76212,0.7623,1.75,1.12
2017.03.09 09:00:52.077,0.76212,0.7623,1.87,1.12
2017.03.09 09:00:52.228,0.7621,0.7623,1.75,1.50
2017.03.09 09:00:52.329,0.7621,0.7623,2.25,1.75
2017.03.09 09:00:52.841,0.7621,0.7623,2.25,1.75
2017.03.09 09:00:52.892,0.76215,0.76232,1.00,3.37
2017.03.09 09:00:53.043,0.76215,0.76233,1.00,1.75
2017.03.09 09:00:53.247,0.76215,0.76233,1.12,1.75
2017.03.09 09:00:53.583,0.7621,0.7623,3.00,1.75
2017.03.09 09:00:54.116,0.76211,0.7623,1.12,1.75
2017.03.09 09:00:54.670,0.76212,0.7623,1.00,1.75
2017.03.09 09:00:55.192,0.76211,0.76227,1.50,1.12
2017.03.09 09:00:55.343,0.7621,0.76227,1.00,1.75
2017.03.09 09:00:55.656,0.7621,0.76227,1.00,1.75
2017.03.09 09:00:55.958,0.76207,0.76224,1.12,1.75
2017.03.09 09:00:56.059,0.76206,0.7622,1.00,1.00
2017.03.09 09:00:56.210,0.762,0.76218,1.00,1.37
2017.03.09 09:00:56.411,0.76195,0.76214,1.50,1.37
2017.03.09 09:00:56.612,0.76195,0.76214,1.87,1.75
2017.03.09 09:00:57.154,0.76195,0.76211,1.00,1.75
2017.03.09 09:00:57.205,0.7619,0.7621,2.62,1.75
2017.03.09 09:00:57.356,0.7619,0.7621,1.87,1.75
2017.03.09 09:00:57.457,0.7619,0.76205,1.00,1.00
2017.03.09 09:00:57.758,0.76185,0.762,1.37,1.00
2017.03.09 09:00:58.233,0.76185,0.76201,1.00,2.25
2017.03.09 09:00:58.334,0.7618,0.76198,1.00,2.25
2017.03.09 09:00:58.880,0.7618,0.76195,1.00,1.00
2017.03.09 09:00:59.925,0.76179,0.76195,1.00,2.25
2017.03.09 09:01:00.027,0.76179,0.76194,1.00,1.75
2017.03.09 09:01:00.077,0.76175,0.76195,1.50,3.00
2017.03.09 09:01:00.128,0.7618,0.76195,1.00,2.25
2017.03.09 09:01:00.421,0.7618,0.76195,1.00,1.75
2017.03.09 09:01:00.572,0.7618,0.76196,1.00,1.50
2017.03.09 09:01:00.673,0.76175,0.76196,1.12,1.50
2017.03.09 09:01:01.848,0.76176,0.76195,1.37,1.37
2017.03.09 09:01:02.251,0.7618,0.76197,1.00,1.75
2017.03.09 09:01:02.453,0.7618,0.76199,1.00,1.75
2017.03.09 09:01:02.880,0.76183,0.76198,1.00,1.75
2017.03.09 09:01:03.081,0.76185,0.76201,1.12,1.00
2017.03.09 09:01:03.459,0.7618,0.762,1.50,1.75
2017.03.09 09:01:03.761,0.7618,0.76199,1.00,2.25
2017.03.09 09:01:04.574,0.76177,0.76195,1.87,1.12
2017.03.09 09:01:04.625,0.76174,0.76192,1.75,1.35
2017.03.09 09:01:04.776,0.76174,0.76193,1.00,3.60
2017.03.09 09:01:05.282,0.76175,0.76193,1.00,1.35
2017.03.09 09:01:05.848,0.76175,0.76195,1.87,1.75
2017.03.09 09:01:06.040,0.7618,0.76198,1.00,2.62
2017.03.09 09:01:06.094,0.7618,0.76198,1.00,2.25
2017.03.09 09:01:06.246,0.76175,0.76195,1.87,1.50
2017.03.09 09:01:06.638,0.76175,0.76192,1.75,2.10
2017.03.09 09:01:06.940,0.76175,0.76189,1.00,1.00
2017.03.09 09:01:07.541,0.76175,0.76193,1.00,1.75
2017.03.09 09:01:08.069,0.7618,0.76192,1.00,1.75
2017.03.09 09:01:08.119,0.76175,0.76195,1.00,3.37
2017.03.09 09:01:08.271,0.76175,0.76194,1.12,1.75
2017.03.09 09:01:08.673,0.76173,0.7619,1.12,1.00
2017.03.09 09:01:10.468,0.76175,0.76191,1.00,1.00
2017.03.09 09:01:11.048,0.76171,0.7619,1.50,1.12
2017.03.09 09:01:11.599,0.76174,0.76193,1.00,2.25
2017.03.09 09:01:12.115,0.76171,0.7619,1.87,1.50
2017.03.09 09:01:12.560,0.76175,0.76192,1.00,1.75
2017.03.09 09:01:12.812,0.76175,0.76193,1.12,1.75
2017.03.09 09:01:13.013,0.76175,0.76193,1.00,2.25
2017.03.09 09:01:14.161,0.76174,0.76193,1.75,1.75
2017.03.09 09:01:14.413,0.7618,0.76194,1.00,1.00
2017.03.09 09:01:14.614,0.7618,0.76199,1.12,2.25
2017.03.09 09:01:15.167,0.7618,0.76196,1.00,1.00
2017.03.09 09:01:15.571,0.76181,0.762,1.37,1.75
2017.03.09 09:01:15.723,0.76182,0.762,1.12,1.12
2017.03.09 09:01:16.303,0.76185,0.76203,1.00,1.75
2017.03.09 09:01:17.600,0.76185,0.76204,1.50,1.12
2017.03.09 09:01:18.149,0.76181,0.762,2.62,1.00
2017.03.09 09:01:18.200,0.76184,0.76205,1.75,1.75
2017.03.09 09:01:18.301,0.76181,0.762,1.12,1.12
2017.03.09 09:01:18.622,0.76185,0.76199,1.00,1.00
2017.03.09 09:01:19.118,0.76183,0.762,1.00,1.50
2017.03.09 09:01:19.319,0.7618,0.76197,1.75,1.50
2017.03.09 09:01:19.621,0.7618,0.762,1.00,1.75
2017.03.09 09:01:19.722,0.7618,0.76198,1.00,1.00
2017.03.09 09:01:19.981,0.7618,0.762,1.50,1.87
2017.03.09 09:01:20.506,0.7618,0.762,1.12,2.25
2017.03.09 09:01:21.787,0.7618,0.762,1.12,3.75
2017.03.09 09:01:22.818,0.7618,0.762,1.37,2.25
2017.03.09 09:01:23.614,0.7618,0.762,1.00,2.25
2017.03.09 09:01:24.313,0.76181,0.76201,1.12,1.75
2017.03.09 09:01:24.363,0.76181,0.76199,1.50,1.00
2017.03.09 09:01:24.414,0.76185,0.76199,1.00,1.00
2017.03.09 09:01:24.913,0.76181,0.76199,1.50,1.00
2017.03.09 09:01:25.166,0.76181,0.762,1.75,1.12
2017.03.09 09:01:25.680,0.76181,0.76201,1.50,1.75
2017.03.09 09:01:25.831,0.76184,0.76201,1.00,1.00
2017.03.09 09:01:25.985,0.76185,0.76203,1.00,2.25
2017.03.09 09:01:29.100,0.7618,0.76199,1.37,2.10
2017.03.09 09:01:29.150,0.7618,0.76196,1.00,1.00
2017.03.09 09:01:30.411,0.7618,0.76195,1.00,1.00
2017.03.09 09:01:30.959,0.76178,0.76196,1.00,2.25
2017.03.09 09:01:31.060,0.76175,0.76195,3.00,1.50
2017.03.09 09:01:31.397,0.76179,0.76195,1.00,1.50
2017.03.09 09:01:31.447,0.76175,0.76195,1.75,2.25
2017.03.09 09:01:31.548,0.76175,0.76195,1.12,2.25
2017.03.09 09:01:35.018,0.7618,0.76198,1.00,3.37
2017.03.09 09:01:35.169,0.7618,0.76199,1.00,1.75
2017.03.09 09:01:35.270,0.7618,0.76199,1.50,1.50
2017.03.09 09:01:35.370,0.7618,0.76199,1.00,1.75
2017.03.09 09:01:36.039,0.7618,0.76198,1.50,1.75
2017.03.09 09:01:36.190,0.7618,0.76199,2.25,1.00
2017.03.09 09:01:36.291,0.7618,0.76199,1.87,1.50
2017.03.09 09:01:39.142,0.7618,0.76198,1.50,1.00
2017.03.09 09:01:39.532,0.7618,0.76198,1.50,1.00
2017.03.09 09:01:39.582,0.7618,0.762,1.75,1.87
2017.03.09 09:01:39.683,0.7618,0.76198,1.75,1.12
2017.03.09 09:01:39.985,0.7618,0.76198,1.87,1.50
2017.03.09 09:01:40.036,0.7618,0.76198,1.87,1.50
2017.03.09 09:01:40.561,0.7618,0.76196,1.50,1.00
2017.03.09 09:01:41.095,0.76176,0.76195,1.75,1.00
2017.03.09 09:01:41.195,0.76177,0.76195,1.00,1.00
2017.03.09 09:01:41.246,0.76174,0.76196,1.87,1.75
2017.03.09 09:01:41.554,0.7618,0.76198,1.00,4.12
2017.03.09 09:01:41.604,0.7618,0.76198,1.00,2.85
2017.03.09 09:01:42.074,0.7618,0.76197,1.00,1.00
2017.03.09 09:01:42.914,0.7618,0.76197,1.37,1.00
2017.03.09 09:01:43.176,0.76182,0.762,1.00,1.50
2017.03.09 09:01:44.940,0.7618,0.76198,1.37,1.75
2017.03.09 09:01:45.242,0.7618,0.76194,1.00,1.00
2017.03.09 09:01:45.393,0.7618,0.762,1.12,3.00
2017.03.09 09:01:46.056,0.76181,0.762,1.00,3.00
2017.03.09 09:01:46.106,0.76185,0.762,1.00,2.25
2017.03.09 09:01:46.394,0.76181,0.762,1.00,2.25
2017.03.09 09:01:46.495,0.76185,0.762,1.00,1.75
2017.03.09 09:01:46.646,0.7618,0.762,1.50,1.50
2017.03.09 09:01:46.747,0.76184,0.76205,1.00,3.22
2017.03.09 09:01:47.256,0.76184,0.762,1.00,1.75
2017.03.09 09:01:49.880,0.76181,0.76198,1.00,1.35
2017.03.09 09:01:49.931,0.7618,0.76195,1.00,1.00
2017.03.09 09:01:50.133,0.76175,0.76193,1.12,1.37
2017.03.09 09:01:50.233,0.76174,0.76193,1.00,1.75
2017.03.09 09:01:50.737,0.76175,0.76192,1.00,1.50
2017.03.09 09:01:52.383,0.76175,0.7619,1.00,2.10
2017.03.09 09:01:52.434,0.76172,0.7619,1.00,2.10
2017.03.09 09:01:52.599,0.76175,0.76188,1.00,1.12
2017.03.09 09:01:52.649,0.76172,0.76189,1.00,1.67
2017.03.09 09:01:52.700,0.76171,0.76186,1.00,1.12
2017.03.09 09:01:53.038,0.7617,0.76186,1.00,1.75
2017.03.09 09:01:53.340,0.76175,0.7619,1.00,3.22
2017.03.09 09:01:53.441,0.76175,0.76191,1.00,2.10
2017.03.09 09:01:55.705,0.7617,0.76191,1.12,2.85
2017.03.09 09:01:56.186,0.76175,0.76191,1.00,1.35
2017.03.09 09:01:56.337,0.76175,0.76191,1.00,1.35
2017.03.09 09:01:57.977,0.7617,0.76189,3.00,1.00
2017.03.09 09:01:58.078,0.7617,0.7619,2.25,1.75
2017.03.09 09:01:59.216,0.76172,0.7619,1.00,1.75
2017.03.09 09:01:59.266,0.76175,0.76191,1.00,1.35
2017.03.09 09:01:59.520,0.76171,0.7619,1.12,1.75
2017.03.09 09:01:59.621,0.7617,0.7619,1.87,2.25
2017.03.09 09:02:02.150,0.76175,0.76192,1.00,2.85
2017.03.09 09:02:02.452,0.76175,0.76194,1.00,4.50
2017.03.09 09:02:03.316,0.76175,0.76192,1.00,1.35
2017.03.09 09:02:03.631,0.7618,0.76196,1.00,2.25
2017.03.09 09:02:03.732,0.7618,0.76198,1.12,2.10
2017.03.09 09:02:07.486,0.76178,0.76195,1.12,1.00
2017.03.09 09:02:08.441,0.76178,0.76196,1.12,1.12
2017.03.09 09:02:09.066,0.7618,0.762,1.50,2.10
2017.03.09 09:02:09.601,0.7618,0.76195,1.50,1.00
2017.03.09 09:02:09.930,0.7618,0.762,2.25,2.10
2017.03.09 09:02:14.062,0.7618,0.76195,1.00,1.00
2017.03.09 09:02:14.213,0.7618,0.76199,1.12,1.75
2017.03.09 09:02:14.264,0.7618,0.762,1.00,2.25
2017.03.09 09:02:14.416,0.7618,0.76199,1.37,1.50
2017.03.09 09:02:16.760,0.76178,0.76195,1.00,1.00
2017.03.09 09:02:17.002,0.7618,0.76197,1.00,1.00
2017.03.09 09:02:17.304,0.7618,0.762,2.25,1.12
2017.03.09 09:02:17.611,0.76178,0.76195,1.75,1.00
2017.03.09 09:02:17.929,0.7618,0.76199,1.12,1.75
2017.03.09 09:02:18.321,0.76182,0.762,1.00,1.75
2017.03.09 09:02:18.422,0.7618,0.762,2.25,1.50
2017.03.09 09:02:19.294,0.7618,0.76201,1.50,2.25
2017.03.09 09:02:19.897,0.76181,0.762,1.37,1.75
2017.03.09 09:02:20.106,0.7618,0.762,1.87,1.75
2017.03.09 09:02:21.618,0.7618,0.762,1.87,1.75
2017.03.09 09:02:22.283,0.7618,0.762,2.25,1.75
2017.03.09 09:02:23.913,0.76182,0.762,1.37,1.75
2017.03.09 09:02:24.280,0.76186,0.762,1.00,1.00
2017.03.09 09:02:24.330,0.76186,0.76205,1.00,2.25
2017.03.09 09:02:24.632,0.76186,0.76205,1.50,1.50
2017.03.09 09:02:24.934,0.76189,0.76205,1.37,1.00
2017.03.09 09:02:25.035,0.7619,0.7621,1.87,2.25
2017.03.09 09:02:25.566,0.76192,0.7621,1.12,1.00
2017.03.09 09:02:25.667,0.76188,0.76205,1.12,1.00
2017.03.09 09:02:25.969,0.7619,0.76208,1.75,1.00
2017.03.09 09:02:26.485,0.7619,0.76209,1.75,1.12
2017.03.09 09:02:27.419,0.76187,0.76205,1.75,1.00
2017.03.09 09:02:27.670,0.76187,0.76205,1.75,1.00
2017.03.09 09:02:27.975,0.76187,0.76205,1.00,1.00
2017.03.09 09:02:28.623,0.76187,0.76205,1.37,1.00
2017.03.09 09:02:34.026,0.76191,0.76207,1.00,1.00
2017.03.09 09:02:34.279,0.76189,0.76211,2.25,1.37
2017.03.09 09:02:38.516,0.76193,0.7621,1.37,1.00
2017.03.09 09:02:38.902,0.76193,0.7621,1.12,1.12
2017.03.09 09:02:40.636,0.76193,0.76211,1.37,1.12
2017.03.09 09:02:40.737,0.76193,0.76211,1.75,1.00
2017.03.09 09:02:40.837,0.7619,0.76211,1.87,1.37
2017.03.09 09:02:40.978,0.76189,0.76211,3.00,1.50
2017.03.09 09:02:41.180,0.76191,0.76209,1.00,1.00
2017.03.09 09:02:41.643,0.76191,0.7621,1.12,1.37
2017.03.09 09:02:42.250,0.7619,0.7621,2.25,1.87
2017.03.09 09:02:42.401,0.7619,0.76207,1.00,1.00
2017.03.09 09:02:42.908,0.7619,0.7621,1.50,1.75
2017.03.09 09:02:44.155,0.7619,0.7621,2.25,1.87
2017.03.09 09:02:44.205,0.7619,0.7621,2.25,1.12
2017.03.09 09:02:45.939,0.7619,0.7621,1.50,1.50
2017.03.09 09:02:45.990,0.7619,0.76208,1.50,1.00
2017.03.09 09:02:57.131,0.7619,0.76208,1.87,1.00
2017.03.09 09:02:57.665,0.7619,0.76208,1.12,1.00
2017.03.09 09:02:58.299,0.7619,0.76208,1.87,1.00
2017.03.09 09:02:58.729,0.76195,0.76208,1.00,1.00
2017.03.09 09:02:58.838,0.7619,0.76208,1.50,1.00
2017.03.09 09:02:58.889,0.76192,0.7621,1.37,1.50
2017.03.09 09:02:58.940,0.76192,0.7621,1.50,1.12
2017.03.09 09:02:58.990,0.76192,0.7621,1.50,1.00
2017.03.09 09:02:59.202,0.76195,0.76214,1.12,1.75
2017.03.09 09:02:59.353,0.76191,0.7621,2.25,1.00
2017.03.09 09:03:00.296,0.76191,0.76211,1.75,1.00
2017.03.09 09:03:00.612,0.7619,0.76211,1.75,1.75
2017.03.09 09:03:01.006,0.76195,0.76215,1.00,4.50
2017.03.09 09:03:01.057,0.76195,0.76215,1.75,2.25
2017.03.09 09:03:01.255,0.76195,0.76215,1.37,2.25
2017.03.09 09:03:01.306,0.76195,0.76214,1.00,1.75
2017.03.09 09:03:03.009,0.76191,0.7621,1.87,1.12
2017.03.09 09:03:04.165,0.76189,0.76205,1.75,1.00
2017.03.09 09:03:04.216,0.7619,0.7621,1.75,1.12
2017.03.09 09:03:04.266,0.7619,0.7621,1.37,1.75
2017.03.09 09:03:04.580,0.76187,0.76206,1.75,1.12
2017.03.09 09:03:04.680,0.76189,0.76206,1.50,1.37
2017.03.09 09:03:04.781,0.7619,0.7621,1.12,1.75
2017.03.09 09:03:05.190,0.76189,0.76206,1.75,1.00
2017.03.09 09:03:05.291,0.7619,0.7621,2.25,1.50
2017.03.09 09:03:06.672,0.76191,0.7621,1.00,1.50
2017.03.09 09:03:06.974,0.76185,0.76205,1.87,1.37
2017.03.09 09:03:07.168,0.76185,0.76205,1.87,1.50
2017.03.09 09:03:10.137,0.7619,0.76208,1.00,1.75
2017.03.09 09:03:10.850,0.76187,0.76205,1.12,1.00
2017.03.09 09:03:11.147,0.7619,0.76208,1.00,1.50
2017.03.09 09:03:11.894,0.7619,0.7621,1.50,1.75
2017.03.09 09:03:11.996,0.7619,0.76211,1.37,1.75
2017.03.09 09:03:12.555,0.7619,0.76211,1.12,1.50
2017.03.09 09:03:19.079,0.7619,0.7621,1.37,1.50
2017.03.09 09:03:19.129,0.7619,0.7621,1.12,1.75
2017.03.09 09:03:21.065,0.76187,0.76205,1.75,1.00
2017.03.09 09:03:21.449,0.76189,0.7621,1.50,1.12
2017.03.09 09:03:23.098,0.7619,0.7621,1.87,1.50
2017.03.09 09:03:23.149,0.76191,0.7621,1.00,1.50
2017.03.09 09:03:23.334,0.76192,0.7621,1.75,1.00
2017.03.09 09:03:24.109,0.7619,0.76211,1.87,1.12
2017.03.09 09:03:24.416,0.7619,0.7621,3.00,1.75
2017.03.09 09:03:25.023,0.7619,0.7621,2.62,1.75
2017.03.09 09:03:25.430,0.76191,0.7621,1.12,1.12
2017.03.09 09:03:26.241,0.76195,0.76213,1.00,1.75
2017.03.09 09:03:28.148,0.76192,0.7621,1.75,1.12
2017.03.09 09:03:28.766,0.76191,0.7621,1.12,1.12
2017.03.09 09:03:29.112,0.76195,0.76213,1.00,1.75
2017.03.09 09:03:29.213,0.76193,0.7621,1.00,1.12
2017.03.09 09:03:29.264,0.76195,0.76215,1.00,2.25
2017.03.09 09:03:29.314,0.76195,0.76215,1.50,1.75
2017.03.09 09:03:29.948,0.76191,0.76211,1.87,1.00
2017.03.09 09:03:30.049,0.76192,0.76211,1.37,1.50
2017.03.09 09:03:30.200,0.7619,0.7621,1.50,1.50
2017.03.09 09:03:30.251,0.7619,0.7621,1.50,1.75
2017.03.09 09:03:32.512,0.76188,0.76205,1.37,1.00
2017.03.09 09:03:32.834,0.7619,0.7621,1.50,1.75
2017.03.09 09:03:33.035,0.7619,0.7621,1.75,1.00
2017.03.09 09:03:33.649,0.76191,0.7621,1.75,1.50
2017.03.09 09:03:35.247,0.76191,0.7621,1.12,1.00
2017.03.09 09:03:35.553,0.76194,0.76215,1.75,3.00
2017.03.09 09:03:35.939,0.76192,0.7621,1.12,1.00
2017.03.09 09:03:36.039,0.7619,0.7621,2.85,1.00
2017.03.09 09:03:36.578,0.7619,0.7621,2.62,1.37
2017.03.09 09:03:37.166,0.7619,0.76206,1.87,1.00
2017.03.09 09:03:38.051,0.76188,0.76206,1.75,1.00
2017.03.09 09:03:41.276,0.76187,0.76205,1.75,1.00
2017.03.09 09:03:41.479,0.76186,0.76205,1.87,1.00
2017.03.09 09:03:41.580,0.76187,0.76205,1.75,1.00
2017.03.09 09:03:42.781,0.76185,0.76205,2.10,1.12
2017.03.09 09:03:46.050,0.76187,0.76205,1.75,1.12
2017.03.09 09:03:46.646,0.76187,0.76205,1.75,1.00
2017.03.09 09:03:46.885,0.76187,0.76205,1.37,1.00
2017.03.09 09:03:48.472,0.76187,0.76205,1.75,1.00
2017.03.09 09:03:48.674,0.76192,0.7621,1.50,1.50
2017.03.09 09:03:48.939,0.7619,0.7621,1.75,1.37
2017.03.09 09:03:48.990,0.7619,0.7621,1.50,1.75
2017.03.09 09:03:49.713,0.7619,0.7621,1.50,1.75
2017.03.09 09:03:53.071,0.7619,0.7621,1.50,1.75
2017.03.09 09:03:53.376,0.7619,0.7621,1.87,1.75
2017.03.09 09:03:53.477,0.76193,0.7621,1.37,1.50
2017.03.09 09:03:53.982,0.76194,0.76216,1.87,1.87
2017.03.09 09:03:54.254,0.76193,0.7621,1.12,1.00
2017.03.09 09:03:54.517,0.76189,0.76211,1.87,2.25
2017.03.09 09:03:54.567,0.76189,0.76211,1.87,2.25
2017.03.09 09:03:54.618,0.7619,0.76211,1.00,1.75
2017.03.09 09:03:55.151,0.7619,0.7621,1.50,1.75
2017.03.09 09:03:56.602,0.7619,0.7621,1.12,1.75
2017.03.09 09:03:56.703,0.7619,0.7621,1.75,1.75
2017.03.09 09:04:02.843,0.76189,0.76205,1.87,1.00
2017.03.09 09:04:04.076,0.76192,0.76211,1.00,1.75
2017.03.09 09:04:05.726,0.76192,0.76211,1.12,1.12
2017.03.09 09:04:07.320,0.76193,0.7621,1.37,1.00
2017.03.09 09:04:07.828,0.76192,0.7621,1.12,1.00
2017.03.09 09:04:08.854,0.7619,0.7621,2.25,1.12
2017.03.09 09:04:09.056,0.7619,0.7621,2.25,1.50
2017.03.09 09:04:09.574,0.76191,0.7621,2.25,1.50
2017.03.09 09:04:09.624,0.76195,0.76214,1.00,2.62
2017.03.09 09:04:09.843,0.76195,0.76215,2.25,2.25
2017.03.09 09:04:10.506,0.76195,0.76215,2.62,1.37
2017.03.09 09:04:10.557,0.76195,0.76215,2.62,1.12
2017.03.09 09:04:12.222,0.76197,0.76215,1.87,1.12
2017.03.09 09:04:12.574,0.76196,0.76215,1.75,1.50
2017.03.09 09:04:13.138,0.76195,0.76216,1.87,1.75
2017.03.09 09:04:13.339,0.76195,0.76215,1.87,1.37
2017.03.09 09:04:16.008,0.76196,0.76215,1.12,1.37
2017.03.09 09:04:16.685,0.76198,0.76215,1.00,1.00
2017.03.09 09:04:17.510,0.76196,0.76215,1.12,1.00
2017.03.09 09:04:18.081,0.76196,0.76215,1.12,1.12
2017.03.09 09:04:18.741,0.76199,0.76221,1.75,2.62
2017.03.09 09:04:19.075,0.76199,0.76218,1.75,1.37
2017.03.09 09:04:19.226,0.76197,0.76215,1.37,1.00
2017.03.09 09:04:20.119,0.762,0.7622,1.37,1.75
2017.03.09 09:04:20.270,0.76202,0.7622,1.12,1.75
2017.03.09 09:04:20.320,0.76202,0.7622,1.50,1.37
2017.03.09 09:04:20.371,0.76201,0.7622,1.87,1.00
2017.03.09 09:04:21.768,0.76202,0.76221,1.75,1.12
2017.03.09 09:04:22.316,0.76202,0.7622,1.75,1.00
2017.03.09 09:04:23.178,0.76201,0.7622,1.75,1.50
2017.03.09 09:04:25.038,0.762,0.7622,3.00,1.37
2017.03.09 09:04:25.189,0.762,0.7622,4.87,1.00
2017.03.09 09:04:26.358,0.762,0.7622,2.25,1.00
2017.03.09 09:04:28.763,0.76203,0.7622,1.75,1.00
2017.03.09 09:04:29.998,0.76201,0.7622,3.37,1.37
2017.03.09 09:04:30.300,0.76201,0.76215,1.75,1.00
2017.03.09 09:04:30.350,0.76201,0.7622,1.75,1.00
2017.03.09 09:04:31.385,0.76201,0.7622,1.75,1.12
2017.03.09 09:04:31.435,0.76201,0.7622,1.75,1.12
2017.03.09 09:04:31.949,0.76202,0.7622,1.75,1.00
2017.03.09 09:04:32.450,0.762,0.76215,3.37,1.00
2017.03.09 09:04:32.500,0.76201,0.76215,1.00,1.00
2017.03.09 09:04:33.563,0.762,0.7622,1.75,1.87
2017.03.09 09:04:33.614,0.76201,0.7622,1.87,1.12
2017.03.09 09:04:33.933,0.76203,0.7622,1.75,1.00
2017.03.09 09:04:34.238,0.76203,0.7622,1.75,1.00
2017.03.09 09:04:34.541,0.76206,0.76223,1.75,1.00
2017.03.09 09:04:34.693,0.76205,0.76225,2.25,1.00
2017.03.09 09:04:34.793,0.76206,0.76225,1.75,1.50
2017.03.09 09:04:34.995,0.76206,0.76225,1.87,1.00
2017.03.09 09:04:35.289,0.76206,0.76225,1.37,1.12
2017.03.09 09:04:35.850,0.76205,0.76225,2.25,1.12
2017.03.09 09:04:36.051,0.76205,0.7622,1.87,1.00
2017.03.09 09:04:37.230,0.76208,0.76226,1.37,1.12
2017.03.09 09:04:38.558,0.76205,0.76225,2.25,1.87
2017.03.09 09:04:38.677,0.76205,0.76225,2.25,2.25
2017.03.09 09:04:38.728,0.76205,0.7622,1.75,1.00
2017.03.09 09:04:39.399,0.76205,0.7622,1.50,1.00
2017.03.09 09:04:39.449,0.76205,0.76223,2.25,1.50
2017.03.09 09:04:41.070,0.76203,0.76221,1.87,1.00
2017.03.09 09:04:41.399,0.76207,0.76225,1.00,1.75
2017.03.09 09:04:45.829,0.76205,0.7622,1.75,1.00
2017.03.09 09:04:48.317,0.76202,0.7622,1.87,1.00
2017.03.09 09:04:50.767,0.76205,0.76225,1.87,3.00
2017.03.09 09:04:50.818,0.76206,0.76224,1.00,1.00
2017.03.09 09:04:50.869,0.76205,0.76225,2.25,2.25
2017.03.09 09:04:51.333,0.76203,0.7622,2.62,1.00
2017.03.09 09:04:51.434,0.762,0.76213,1.00,1.00
2017.03.09 09:04:51.535,0.762,0.7622,1.12,2.25
2017.03.09 09:04:51.956,0.76199,0.76221,2.62,1.75
2017.03.09 09:04:52.709,0.762,0.7622,1.75,1.75
2017.03.09 09:04:53.559,0.76202,0.7622,1.50,1.75
2017.03.09 09:04:53.660,0.76203,0.7622,1.37,1.12
2017.03.09 09:04:59.761,0.76203,0.7622,1.87,1.00
2017.03.09 09:04:59.976,0.76205,0.76225,1.87,1.50
2017.03.09 09:05:00.273,0.76205,0.76225,1.75,1.12
2017.03.09 09:05:02.681,0.7621,0.7623,1.00,1.75
2017.03.09 09:05:02.948,0.7621,0.7623,1.37,1.87
2017.03.09 09:05:03.179,0.7621,0.7623,2.25,1.50
2017.03.09 09:05:03.847,0.76212,0.7623,1.00,1.12
2017.03.09 09:05:04.774,0.76211,0.7623,1.12,1.00
2017.03.09 09:05:05.286,0.7621,0.7623,1.75,1.12
2017.03.09 09:05:05.802,0.76211,0.7623,1.50,1.12
2017.03.09 09:05:07.674,0.7621,0.7623,1.75,1.50
2017.03.09 09:05:08.205,0.7621,0.7623,1.75,1.50
2017.03.09 09:05:09.673,0.76212,0.76231,1.00,1.87
2017.03.09 09:05:12.212,0.7621,0.76228,1.37,1.00
2017.03.09 09:05:12.514,0.76213,0.7623,1.00,1.12
2017.03.09 09:05:12.986,0.76213,0.7623,1.12,1.00
2017.03.09 09:05:14.566,0.7621,0.76231,2.62,1.12
2017.03.09 09:05:15.197,0.7621,0.7623,1.87,1.00
2017.03.09 09:05:15.499,0.76212,0.7623,1.75,1.00
2017.03.09 09:05:15.550,0.76214,0.76235,1.75,1.37
2017.03.09 09:05:15.878,0.76213,0.7623,1.75,1.00
2017.03.09 09:05:16.314,0.76215,0.76235,1.75,2.62
2017.03.09 09:05:16.824,0.76218,0.76235,1.00,1.00
2017.03.09 09:05:17.868,0.76215,0.76235,2.25,1.00
2017.03.09 09:05:18.790,0.76216,0.76235,1.87,1.00
2017.03.09 09:05:19.183,0.7622,0.76239,1.50,1.50
2017.03.09 09:05:19.385,0.76221,0.7624,1.75,2.25
2017.03.09 09:05:19.909,0.76222,0.7624,2.25,1.00
2017.03.09 09:05:23.577,0.76223,0.7624,3.00,1.00
2017.03.09 09:05:23.879,0.76221,0.7624,2.25,1.00
2017.03.09 09:05:24.729,0.76225,0.76243,1.50,1.37
2017.03.09 09:05:24.780,0.7622,0.7624,2.25,1.00
2017.03.09 09:05:24.881,0.7622,0.7624,2.25,1.00
2017.03.09 09:05:24.944,0.76225,0.76242,1.00,1.50
2017.03.09 09:05:25.513,0.7622,0.7624,4.12,1.00
2017.03.09 09:05:25.832,0.76225,0.76244,1.50,1.37
2017.03.09 09:05:26.181,0.76225,0.76242,1.75,1.00
2017.03.09 09:05:26.282,0.76226,0.76244,1.00,1.50
2017.03.09 09:05:26.332,0.76226,0.7624,1.00,1.00
2017.03.09 09:05:26.383,0.76224,0.7624,1.00,1.00
2017.03.09 09:05:26.930,0.7622,0.7624,1.75,1.50
2017.03.09 09:05:27.132,0.76222,0.7624,1.12,1.12
2017.03.09 09:05:29.693,0.76225,0.76243,1.00,1.75
2017.03.09 09:05:29.926,0.76225,0.76245,1.75,3.00
2017.03.09 09:05:31.986,0.76225,0.76245,2.25,1.37
2017.03.09 09:05:32.037,0.76228,0.76245,1.00,1.00
2017.03.09 09:05:32.315,0.76225,0.76245,1.50,1.87
2017.03.09 09:05:34.443,0.76221,0.7624,4.87,1.00
2017.03.09 09:05:34.906,0.76223,0.76241,1.00,1.00
2017.03.09 09:05:35.248,0.76225,0.76242,1.00,1.00
2017.03.09 09:05:35.767,0.76225,0.76245,1.75,1.50
2017.03.09 09:05:35.818,0.76227,0.76245,1.00,1.12
2017.03.09 09:05:37.465,0.76226,0.76245,1.75,1.12
2017.03.09 09:05:37.972,0.76226,0.76245,2.25,1.00
2017.03.09 09:05:41.190,0.76228,0.76245,3.00,1.00
2017.03.09 09:05:41.341,0.7623,0.76249,1.75,1.12
2017.03.09 09:05:41.923,0.76228,0.76245,2.62,1.00
2017.03.09 09:05:44.859,0.7623,0.76246,1.75,1.00
2017.03.09 09:05:45.110,0.7623,0.7625,2.25,1.50
2017.03.09 09:05:45.161,0.7623,0.7625,2.25,1.87
2017.03.09 09:05:45.262,0.7623,0.7625,2.25,1.12
2017.03.09 09:05:45.729,0.7623,0.76245,1.75,1.00
2017.03.09 09:05:45.830,0.76228,0.76245,1.75,1.00
2017.03.09 09:05:47.259,0.76225,0.76245,2.25,1.00
2017.03.09 09:05:47.405,0.76225,0.76245,3.00,1.00
2017.03.09 09:05:47.506,0.76225,0.76245,1.50,1.37
2017.03.09 09:05:49.034,0.76227,0.76245,1.12,1.00
2017.03.09 09:05:51.208,0.76225,0.7624,2.62,1.00
2017.03.09 09:05:51.732,0.76226,0.76245,1.87,1.00
2017.03.09 09:05:52.154,0.76225,0.76245,2.25,1.37
2017.03.09 09:05:52.665,0.76225,0.76246,1.87,3.00
2017.03.09 09:05:55.683,0.76225,0.76245,2.62,1.50
2017.03.09 09:05:55.733,0.76225,0.76245,2.62,1.12
2017.03.09 09:05:56.135,0.76226,0.76244,1.00,1.12
2017.03.09 09:05:56.798,0.76226,0.76244,1.00,1.37
2017.03.09 09:05:56.963,0.76225,0.76243,1.50,1.50
2017.03.09 09:05:57.547,0.76224,0.7624,1.37,1.00
2017.03.09 09:05:57.858,0.76222,0.76235,1.37,1.00
2017.03.09 09:05:57.908,0.76221,0.7624,1.00,1.87
2017.03.09 09:05:58.084,0.7622,0.7624,1.50,2.62
2017.03.09 09:05:58.408,0.76221,0.7624,1.00,1.50
2017.03.09 09:05:58.874,0.76221,0.7624,1.00,1.12
2017.03.09 09:06:00.298,0.76219,0.76236,1.75,1.00
2017.03.09 09:06:00.853,0.76221,0.76241,1.87,1.75
2017.03.09 09:06:01.264,0.76222,0.76241,2.62,1.00
2017.03.09 09:06:01.876,0.76222,0.7624,1.75,1.00
2017.03.09 09:06:02.178,0.76216,0.76235,2.25,1.00
2017.03.09 09:06:05.594,0.76215,0.76233,1.75,1.87
2017.03.09 09:06:05.694,0.76213,0.7623,1.50,1.50
2017.03.09 09:06:05.745,0.76214,0.76233,1.37,1.37
2017.03.09 09:06:05.795,0.76214,0.76234,1.75,1.50
2017.03.09 09:06:05.997,0.76215,0.76235,1.12,1.75
2017.03.09 09:06:09.595,0.76215,0.76235,1.50,2.25
2017.03.09 09:06:09.898,0.76216,0.76235,1.37,1.50
2017.03.09 09:06:10.541,0.76216,0.76235,1.12,1.50
2017.03.09 09:06:11.059,0.76216,0.76235,1.37,1.50
2017.03.09 09:06:11.579,0.76216,0.76235,1.00,1.50
2017.03.09 09:06:11.781,0.76215,0.76235,1.37,2.25
2017.03.09 09:06:11.882,0.76216,0.76235,1.00,2.25
2017.03.09 09:06:11.983,0.76215,0.76235,1.12,2.25
2017.03.09 09:06:13.225,0.76215,0.76232,1.50,1.00
2017.03.09 09:06:13.952,0.76216,0.76234,1.00,1.00
2017.03.09 09:06:14.818,0.76216,0.76233,1.00,1.00
2017.03.09 09:06:14.918,0.76214,0.7623,1.50,1.00
2017.03.09 09:06:15.902,0.76215,0.76234,1.37,1.12
2017.03.09 09:06:16.519,0.76214,0.76236,2.62,2.62
2017.03.09 09:06:17.585,0.76215,0.76235,2.25,1.50
2017.03.09 09:06:17.636,0.76216,0.76235,2.25,1.12
2017.03.09 09:06:18.131,0.76219,0.76237,1.50,1.00
2017.03.09 09:06:20.620,0.76219,0.76235,1.00,1.00
2017.03.09 09:06:21.164,0.76216,0.76235,1.75,1.50
2017.03.09 09:06:21.316,0.76216,0.76235,1.12,1.75
2017.03.09 09:06:21.971,0.76215,0.76235,1.87,1.37
2017.03.09 09:06:22.069,0.76215,0.76235,1.87,1.12
2017.03.09 09:06:23.064,0.76215,0.76235,1.75,3.00
2017.03.09 09:06:23.506,0.76215,0.76235,1.75,1.50
2017.03.09 09:06:23.607,0.76215,0.76234,1.50,2.25
2017.03.09 09:06:24.004,0.76215,0.76235,1.12,1.50
2017.03.09 09:06:24.757,0.76215,0.76234,1.37,1.37
2017.03.09 09:06:24.807,0.76215,0.76234,1.12,1.12
2017.03.09 09:06:25.771,0.76212,0.7623,1.87,1.00
2017.03.09 09:06:28.457,0.76215,0.76236,1.00,3.00
2017.03.09 09:06:28.508,0.76215,0.76235,3.00,1.50
2017.03.09 09:06:28.810,0.7622,0.76238,1.50,1.00
2017.03.09 09:06:29.315,0.76222,0.7624,1.00,1.50
2017.03.09 09:06:30.100,0.76223,0.7624,1.00,1.00
2017.03.09 09:06:30.720,0.76223,0.76241,1.00,1.00
2017.03.09 09:06:40.831,0.76223,0.7624,1.50,1.00
2017.03.09 09:06:40.932,0.76223,0.7624,1.75,1.00
2017.03.09 09:06:41.720,0.76221,0.7624,1.75,1.00
2017.03.09 09:06:42.203,0.7622,0.76239,1.75,1.37
2017.03.09 09:06:42.354,0.76217,0.76235,1.75,1.00
2017.03.09 09:06:42.556,0.76215,0.76235,3.37,1.00
2017.03.09 09:06:43.175,0.7622,0.76239,1.00,1.75
2017.03.09 09:06:43.688,0.76215,0.76235,1.75,1.00
2017.03.09 09:06:43.739,0.76215,0.76235,1.50,1.75
2017.03.09 09:06:43.940,0.76215,0.76235,2.25,1.00
2017.03.09 09:06:44.514,0.7622,0.76237,1.00,1.50
2017.03.09 09:06:45.760,0.7622,0.76239,1.50,1.75
2017.03.09 09:06:46.406,0.76221,0.7624,1.37,1.50
2017.03.09 09:06:46.457,0.76221,0.7624,1.12,1.50
2017.03.09 09:06:46.647,0.76221,0.76239,1.00,1.37
2017.03.09 09:06:48.801,0.76219,0.7624,2.25,1.75
2017.03.09 09:06:49.322,0.76218,0.76236,1.75,1.12
2017.03.09 09:06:49.473,0.76217,0.76235,1.37,1.12
2017.03.09 09:06:50.014,0.76219,0.76235,1.00,1.00
2017.03.09 09:06:50.683,0.76219,0.76236,1.00,1.00
2017.03.09 09:06:50.934,0.76217,0.76235,1.75,1.00
2017.03.09 09:06:51.164,0.7622,0.76239,1.75,1.50
2017.03.09 09:06:51.466,0.7622,0.7624,2.62,1.12
2017.03.09 09:06:52.435,0.7622,0.76239,1.75,1.00
2017.03.09 09:06:52.586,0.7622,0.76239,1.50,1.50
2017.03.09 09:06:53.760,0.76221,0.7624,1.37,1.12
2017.03.09 09:06:54.613,0.76221,0.7624,1.37,2.25
2017.03.09 09:06:55.208,0.7622,0.7624,1.75,2.25
2017.03.09 09:06:55.511,0.76225,0.76245,1.87,1.75
2017.03.09 09:06:55.562,0.76225,0.76243,1.87,1.00
2017.03.09 09:06:55.663,0.76225,0.76246,1.87,1.12
2017.03.09 09:06:56.214,0.76225,0.76245,2.62,1.00
2017.03.09 09:06:56.759,0.76228,0.76245,1.87,1.00
2017.03.09 09:06:58.233,0.76228,0.76245,1.75,1.00
2017.03.09 09:06:58.384,0.76231,0.76245,1.00,1.00
2017.03.09 09:06:58.885,0.7623,0.7625,1.50,2.25
2017.03.09 09:06:59.086,0.7623,0.7625,1.87,2.25
2017.03.09 09:06:59.431,0.76231,0.7625,1.75,1.00
2017.03.09 09:07:00.006,0.76231,0.7625,1.75,1.00
2017.03.09 09:07:00.535,0.76237,0.7625,1.00,1.00
2017.03.09 09:07:01.335,0.76237,0.76255,1.00,1.50
2017.03.09 09:07:01.486,0.76236,0.76255,1.75,1.00
2017.03.09 09:07:01.654,0.76235,0.76255,1.75,1.50
2017.03.09 09:07:01.855,0.76235,0.76255,1.37,1.75
2017.03.09 09:07:02.380,0.76233,0.7625,1.75,1.00
2017.03.09 09:07:02.905,0.76235,0.76255,1.37,2.25
2017.03.09 09:07:03.056,0.76236,0.76255,1.00,1.50
2017.03.09 09:07:03.451,0.76236,0.76255,1.00,3.37
2017.03.09 09:07:03.796,0.76232,0.7625,1.37,1.12
2017.03.09 09:07:05.085,0.76235,0.76253,1.00,1.75
2017.03.09 09:07:05.514,0.76236,0.76255,1.50,3.37
2017.03.09 09:07:05.565,0.76238,0.76255,1.00,1.50
2017.03.09 09:07:05.766,0.7624,0.76255,1.00,1.00
2017.03.09 09:07:05.870,0.7624,0.76258,1.50,2.25
2017.03.09 09:07:06.260,0.7624,0.76255,1.00,1.00
2017.03.09 09:07:08.413,0.76236,0.76255,2.62,1.00
2017.03.09 09:07:12.774,0.76237,0.76256,1.12,1.12
2017.03.09 09:07:13.291,0.76235,0.76254,1.50,1.37
2017.03.09 09:07:13.966,0.76235,0.76253,1.50,1.50
2017.03.09 09:07:14.270,0.76235,0.76255,1.00,1.75
2017.03.09 09:07:15.445,0.76231,0.7625,1.87,1.87
2017.03.09 09:07:15.747,0.76235,0.76248,1.50,1.00
2017.03.09 09:07:15.893,0.76235,0.76253,1.12,1.75
2017.03.09 09:07:16.644,0.76235,0.76254,1.87,1.75
2017.03.09 09:07:16.694,0.76235,0.76255,2.25,2.25
2017.03.09 09:07:16.846,0.76237,0.76255,1.00,1.50
2017.03.09 09:07:17.558,0.7624,0.76255,1.00,1.00
2017.03.09 09:07:17.659,0.76237,0.76255,1.12,1.00
2017.03.09 09:07:17.709,0.76236,0.76256,1.75,1.12
2017.03.09 09:07:17.985,0.76235,0.76255,2.25,1.12
2017.03.09 09:07:21.279,0.76236,0.76256,1.12,2.25
2017.03.09 09:07:21.380,0.76235,0.76256,1.37,2.25
2017.03.09 09:07:22.526,0.76234,0.76256,2.62,2.25
2017.03.09 09:07:23.901,0.76237,0.76255,1.75,1.75
2017.03.09 09:07:24.002,0.7624,0.76257,1.00,1.50
2017.03.09 09:07:24.212,0.7624,0.76259,1.12,1.00
2017.03.09 09:07:24.957,0.7624,0.76255,1.00,1.00
2017.03.09 09:07:26.215,0.7624,0.76259,1.50,1.50
2017.03.09 09:07:27.816,0.7624,0.7626,1.00,3.75
2017.03.09 09:07:30.688,0.76238,0.76256,1.50,1.12
2017.03.09 09:07:30.939,0.76236,0.76254,1.12,1.00
2017.03.09 09:07:31.040,0.76236,0.76256,1.87,1.75
2017.03.09 09:07:32.536,0.76236,0.76255,1.12,1.75
2017.03.09 09:07:32.636,0.76236,0.76255,1.50,1.50
2017.03.09 09:07:33.186,0.76237,0.76255,1.00,1.50
2017.03.09 09:07:33.773,0.7624,0.76255,1.00,1.00
2017.03.09 09:07:33.945,0.76237,0.76255,1.00,1.50
2017.03.09 09:07:34.485,0.76236,0.76255,1.50,1.50
2017.03.09 09:07:34.946,0.7624,0.76255,1.00,1.00
2017.03.09 09:07:36.588,0.76239,0.76255,1.00,1.00
2017.03.09 09:07:36.739,0.7624,0.76259,1.50,1.12
2017.03.09 09:07:37.141,0.7624,0.76259,1.37,2.25
2017.03.09 09:07:37.460,0.76237,0.76255,1.75,1.00
2017.03.09 09:07:37.913,0.76236,0.76256,1.12,1.50
2017.03.09 09:07:38.346,0.76235,0.76256,1.75,1.87
2017.03.09 09:07:40.684,0.76236,0.76255,1.75,1.00
2017.03.09 09:07:40.836,0.76235,0.76254,1.12,1.87
2017.03.09 09:07:41.376,0.76234,0.76255,1.50,1.87
2017.03.09 09:07:42.456,0.76232,0.7625,1.12,1.00
2017.03.09 09:07:42.507,0.76235,0.76254,1.37,3.37
2017.03.09 09:07:42.557,0.76231,0.76251,1.75,1.87
2017.03.09 09:07:42.658,0.76229,0.76251,1.87,3.00
2017.03.09 09:07:42.759,0.76229,0.76251,1.87,3.00
2017.03.09 09:07:43.627,0.7623,0.76249,1.37,1.12
2017.03.09 09:07:44.142,0.7623,0.7625,1.00,2.25
2017.03.09 09:07:46.356,0.76227,0.76245,1.75,1.12
2017.03.09 09:07:46.888,0.7623,0.7625,1.12,3.00
2017.03.09 09:07:47.392,0.76225,0.76245,2.62,1.12
2017.03.09 09:07:47.647,0.76226,0.76244,1.12,1.00
2017.03.09 09:07:49.058,0.7623,0.76244,1.00,1.00
2017.03.09 09:07:49.159,0.76225,0.76245,1.87,1.12
2017.03.09 09:07:49.402,0.7623,0.76248,1.00,1.87
2017.03.09 09:07:50.535,0.76225,0.76246,1.87,1.50
2017.03.09 09:07:54.113,0.7623,0.76249,1.00,1.87
2017.03.09 09:07:55.661,0.76229,0.76249,1.00,1.87
2017.03.09 09:07:55.762,0.7623,0.76251,1.50,1.75
2017.03.09 09:07:55.863,0.76229,0.76247,1.50,1.00
2017.03.09 09:07:56.444,0.76229,0.76249,1.12,1.75
2017.03.09 09:07:56.949,0.76229,0.76249,1.00,1.75
2017.03.09 09:07:57.195,0.7623,0.76249,1.00,3.75
2017.03.09 09:07:57.511,0.76226,0.76245,1.50,1.50
2017.03.09 09:07:57.658,0.7623,0.76246,1.00,1.75
2017.03.09 09:07:57.865,0.76226,0.76245,1.37,1.37
2017.03.09 09:07:58.119,0.7623,0.76246,1.00,1.50
2017.03.09 09:07:58.747,0.76226,0.76245,1.37,1.37
2017.03.09 09:07:59.297,0.7623,0.7625,1.37,2.62
2017.03.09 09:07:59.499,0.76231,0.76249,1.00,1.00
2017.03.09 09:08:02.467,0.7623,0.7625,1.75,1.37
2017.03.09 09:08:03.007,0.7623,0.7625,1.87,1.12
2017.03.09 09:08:03.288,0.76235,0.76253,1.00,1.12
2017.03.09 09:08:03.388,0.7623,0.7625,1.75,1.12
2017.03.09 09:08:03.500,0.7623,0.76249,1.12,1.87
2017.03.09 09:08:03.900,0.7623,0.76249,1.00,3.37
2017.03.09 09:08:04.947,0.76227,0.76245,1.00,1.75
2017.03.09 09:08:07.523,0.76229,0.76248,1.00,1.75
2017.03.09 09:08:08.298,0.76229,0.76247,1.50,1.00
2017.03.09 09:08:09.418,0.76227,0.76245,1.00,1.50
2017.03.09 09:08:14.094,0.76225,0.76245,1.50,2.25
2017.03.09 09:08:16.478,0.76225,0.76245,1.12,1.75
2017.03.09 09:08:17.202,0.76225,0.76245,1.50,2.25
2017.03.09 09:08:17.901,0.76225,0.76245,2.25,1.75
2017.03.09 09:08:18.530,0.76225,0.76243,1.00,2.62
2017.03.09 09:08:18.748,0.76225,0.76245,1.00,1.75
2017.03.09 09:08:28.364,0.76224,0.76245,1.12,2.62
2017.03.09 09:08:28.566,0.76224,0.76243,1.00,1.12
2017.03.09 09:08:28.666,0.76221,0.7624,1.37,1.37
2017.03.09 09:08:28.767,0.76225,0.76243,1.00,1.75
2017.03.09 09:08:29.291,0.76225,0.7624,1.00,1.00
2017.03.09 09:08:29.341,0.76222,0.7624,1.00,1.50
2017.03.09 09:08:29.442,0.76221,0.7624,1.00,1.75
2017.03.09 09:08:29.763,0.76225,0.76242,1.00,1.75
2017.03.09 09:08:29.814,0.7622,0.7624,1.87,1.50
2017.03.09 09:08:30.029,0.76225,0.76242,1.00,1.87
2017.03.09 09:08:30.080,0.7622,0.76241,1.12,1.75
2017.03.09 09:08:30.912,0.76221,0.7624,1.75,1.37
2017.03.09 09:08:32.204,0.7622,0.7624,2.25,2.25
2017.03.09 09:08:32.255,0.7622,0.76239,2.25,1.12
2017.03.09 09:08:32.456,0.76217,0.76235,1.50,1.12
2017.03.09 09:08:33.263,0.76217,0.76236,1.00,1.50
2017.03.09 09:08:34.408,0.7622,0.76236,1.00,1.00
2017.03.09 09:08:34.843,0.76217,0.76235,1.00,1.00
2017.03.09 09:08:35.045,0.76215,0.76235,1.75,1.75
2017.03.09 09:08:35.172,0.76215,0.76235,1.75,1.12
2017.03.09 09:08:38.428,0.76215,0.76235,2.25,1.50
2017.03.09 09:08:38.974,0.76215,0.76235,1.75,1.87
2017.03.09 09:08:39.404,0.76215,0.76234,1.75,1.75
2017.03.09 09:08:39.706,0.76205,0.76217,1.75,1.00
2017.03.09 09:08:39.757,0.76205,0.76216,1.00,1.50
2017.03.09 09:08:39.858,0.76199,0.76215,1.87,1.12
2017.03.09 09:08:40.294,0.76195,0.76212,1.75,1.00
2017.03.09 09:08:40.547,0.76195,0.7621,1.00,1.50
2017.03.09 09:08:40.799,0.76191,0.76206,1.50,1.00
2017.03.09 09:08:40.950,0.76189,0.76206,2.25,1.00
2017.03.09 09:08:41.001,0.76189,0.76204,2.25,1.00
2017.03.09 09:08:41.361,0.76195,0.76207,1.00,1.12
2017.03.09 09:08:41.462,0.7619,0.76208,1.00,1.12
2017.03.09 09:08:41.763,0.76189,0.76206,1.00,2.25
2017.03.09 09:08:42.275,0.7619,0.76206,1.00,1.75
2017.03.09 09:08:43.564,0.76189,0.76205,1.00,1.50
2017.03.09 09:08:44.256,0.7619,0.76207,1.00,2.25
2017.03.09 09:08:45.075,0.7619,0.7621,1.50,2.25
2017.03.09 09:08:45.176,0.7619,0.7621,1.00,2.25
2017.03.09 09:08:45.295,0.7619,0.76209,1.50,1.00
2017.03.09 09:08:45.396,0.76194,0.76209,1.00,1.00
2017.03.09 09:08:45.497,0.7619,0.76209,1.50,1.00
2017.03.09 09:08:46.676,0.7619,0.76209,1.50,1.75
2017.03.09 09:08:46.726,0.7619,0.76209,1.00,1.00
2017.03.09 09:08:46.777,0.76189,0.76207,1.50,1.00
2017.03.09 09:08:47.120,0.7619,0.7621,1.50,3.00
2017.03.09 09:08:48.779,0.7619,0.76208,1.50,1.75
2017.03.09 09:08:49.445,0.76188,0.76206,1.00,1.50
2017.03.09 09:08:49.891,0.76185,0.76206,1.75,3.00
2017.03.09 09:08:50.247,0.7619,0.76206,1.00,2.25
2017.03.09 09:08:51.418,0.76185,0.76205,2.25,3.00
2017.03.09 09:08:51.947,0.7619,0.76205,1.00,2.25
2017.03.09 09:08:53.724,0.76185,0.76206,1.75,1.75
2017.03.09 09:08:54.009,0.76189,0.76206,1.00,1.75
2017.03.09 09:08:54.992,0.7619,0.76208,1.00,1.75
2017.03.09 09:08:56.418,0.7619,0.76208,1.00,2.62
2017.03.09 09:09:01.836,0.76195,0.76208,1.00,1.75
2017.03.09 09:09:02.037,0.7619,0.76209,1.00,1.75
2017.03.09 09:09:02.138,0.76195,0.76211,1.00,1.75
2017.03.09 09:09:02.289,0.76195,0.76211,1.00,1.75
2017.03.09 09:09:02.536,0.7619,0.76207,1.50,1.00
2017.03.09 09:09:02.801,0.7619,0.76207,1.00,3.00
2017.03.09 09:09:03.053,0.76185,0.76204,1.50,1.12
2017.03.09 09:09:03.205,0.76185,0.76204,1.37,1.50
2017.03.09 09:09:03.592,0.76184,0.76204,1.12,1.75
2017.03.09 09:09:03.930,0.76185,0.76205,1.37,2.25
2017.03.09 09:09:04.580,0.76185,0.76203,1.37,1.75
2017.03.09 09:09:05.127,0.76185,0.76203,1.00,1.75
2017.03.09 09:09:05.330,0.76185,0.76203,1.00,1.00
2017.03.09 09:09:05.937,0.76184,0.76203,1.50,1.50
2017.03.09 09:09:05.987,0.76184,0.76203,1.12,1.50
2017.03.09 09:09:06.138,0.76185,0.76202,1.00,1.00
2017.03.09 09:09:06.239,0.76184,0.76205,1.75,1.75
2017.03.09 09:09:07.592,0.76185,0.76205,1.37,3.00
2017.03.09 09:09:07.643,0.76185,0.76202,1.00,1.00
2017.03.09 09:09:07.756,0.7619,0.76202,1.00,1.00
2017.03.09 09:09:07.807,0.7619,0.76204,1.00,1.50
2017.03.09 09:09:08.008,0.7619,0.76208,1.37,1.12
2017.03.09 09:09:08.532,0.7619,0.76207,1.00,1.00
2017.03.09 09:09:09.538,0.76189,0.76209,1.00,1.75
2017.03.09 09:09:09.917,0.7619,0.76208,1.00,1.75
2017.03.09 09:09:11.526,0.7619,0.7621,1.12,5.25
2017.03.09 09:09:12.079,0.7619,0.76208,1.00,1.75
2017.03.09 09:09:12.941,0.7619,0.76209,1.12,1.75
2017.03.09 09:09:15.834,0.76186,0.76205,1.50,1.50
2017.03.09 09:09:15.935,0.76185,0.76205,1.12,1.75
2017.03.09 09:09:16.237,0.7619,0.76208,1.00,1.75
2017.03.09 09:09:16.370,0.7619,0.7621,1.00,3.00
2017.03.09 09:09:17.109,0.7619,0.76205,1.00,3.37
2017.03.09 09:09:17.209,0.76184,0.76204,1.37,2.62
2017.03.09 09:09:17.260,0.76184,0.76203,1.00,1.12
2017.03.09 09:09:17.765,0.76184,0.76204,1.00,1.75
2017.03.09 09:09:18.370,0.76185,0.76204,1.00,1.75
2017.03.09 09:09:20.749,0.7619,0.76205,1.00,1.75
2017.03.09 09:09:21.061,0.76185,0.76203,1.00,1.00
2017.03.09 09:09:22.122,0.76185,0.76205,1.37,1.75
2017.03.09 09:09:22.893,0.76185,0.76205,1.75,1.75
2017.03.09 09:09:23.524,0.76184,0.76206,1.50,2.25
2017.03.09 09:09:23.575,0.76184,0.76206,1.50,2.25
2017.03.09 09:09:32.533,0.7618,0.762,2.62,1.00
2017.03.09 09:09:33.788,0.76185,0.76202,1.12,1.50
2017.03.09 09:09:34.985,0.76185,0.76204,1.50,1.50
2017.03.09 09:09:35.532,0.76184,0.76204,1.12,1.75
2017.03.09 09:09:35.830,0.76185,0.76203,1.00,1.00
2017.03.09 09:09:35.931,0.76185,0.76205,1.00,3.00
2017.03.09 09:09:37.464,0.76185,0.76199,1.00,1.00
2017.03.09 09:09:37.630,0.7618,0.76199,1.87,1.37
2017.03.09 09:09:37.682,0.7618,0.76199,1.37,1.75
2017.03.09 09:09:38.442,0.7618,0.76199,1.87,1.75
2017.03.09 09:09:38.815,0.76185,0.76199,1.00,1.75
2017.03.09 09:09:39.226,0.76185,0.76204,1.12,3.75
2017.03.09 09:09:39.970,0.76185,0.76205,1.00,5.62
2017.03.09 09:09:40.471,0.76185,0.76204,1.00,5.25
2017.03.09 09:09:40.846,0.76185,0.76204,1.00,2.25
2017.03.09 09:09:40.946,0.76181,0.76201,1.75,1.50
2017.03.09 09:09:41.095,0.76185,0.76203,1.00,1.87
2017.03.09 09:09:41.145,0.7618,0.76199,1.75,1.00
2017.03.09 09:09:41.246,0.7618,0.76199,1.50,1.50
2017.03.09 09:09:41.296,0.7618,0.76199,1.37,1.75
2017.03.09 09:09:41.878,0.7618,0.76199,1.00,1.75
2017.03.09 09:09:42.712,0.7618,0.76198,1.12,1.50
2017.03.09 09:09:42.824,0.7618,0.76199,1.75,1.50
2017.03.09 09:09:43.630,0.7618,0.762,1.12,1.75
2017.03.09 09:09:45.878,0.76185,0.762,1.00,1.75
2017.03.09 09:09:46.067,0.76185,0.76201,1.00,1.75
2017.03.09 09:09:46.379,0.7618,0.762,1.75,2.62
2017.03.09 09:09:46.430,0.7618,0.762,1.12,2.62
2017.03.09 09:09:47.909,0.7618,0.76199,1.12,1.12
2017.03.09 09:09:48.437,0.7618,0.76199,1.00,1.12
2017.03.09 09:09:55.143,0.7618,0.76197,1.00,1.75
2017.03.09 09:09:55.244,0.7618,0.76196,1.00,1.12
2017.03.09 09:09:55.891,0.76179,0.76198,1.00,2.25
2017.03.09 09:09:56.410,0.7618,0.76198,1.00,2.25
2017.03.09 09:09:57.855,0.7618,0.76195,1.00,1.75
2017.03.09 09:09:58.399,0.76179,0.76196,1.00,2.62
2017.03.09 09:09:59.446,0.7618,0.76196,1.00,1.75
2017.03.09 09:09:59.746,0.7618,0.76195,1.00,1.12
2017.03.09 09:10:02.292,0.76175,0.76194,1.75,1.87
2017.03.09 09:10:02.393,0.76175,0.76192,1.12,1.00
2017.03.09 09:10:02.973,0.76175,0.76191,1.00,1.00
2017.03.09 09:10:03.174,0.76175,0.76194,1.75,1.50
2017.03.09 09:10:03.275,0.7618,0.76194,1.00,1.75
2017.03.09 09:10:03.376,0.7618,0.76194,1.00,1.75
2017.03.09 09:10:03.577,0.7618,0.76199,1.00,2.10
2017.03.09 09:10:03.781,0.76179,0.76199,1.50,1.67
2017.03.09 09:10:04.035,0.76185,0.762,1.00,1.87
2017.03.09 09:10:04.186,0.7618,0.762,1.37,1.87
2017.03.09 09:10:04.452,0.7618,0.762,1.75,2.25
2017.03.09 09:10:05.175,0.7618,0.76198,1.00,1.00
2017.03.09 09:10:07.359,0.76185,0.76198,1.00,1.00
2017.03.09 09:10:07.460,0.76185,0.76202,1.00,1.75
2017.03.09 09:10:08.067,0.76185,0.762,1.00,1.12
2017.03.09 09:10:09.437,0.7618,0.762,1.75,1.75
2017.03.09 09:10:09.869,0.7618,0.762,1.75,1.12
2017.03.09 09:10:10.877,0.7618,0.762,2.25,1.50
2017.03.09 09:10:11.399,0.7618,0.76198,1.50,1.00
2017.03.09 09:10:12.173,0.7618,0.76196,1.00,1.00
2017.03.09 09:10:12.496,0.76177,0.76195,1.00,1.00
2017.03.09 09:10:12.546,0.7618,0.76196,1.00,1.00
2017.03.09 09:10:12.698,0.7618,0.76199,1.50,1.37
2017.03.09 09:10:13.025,0.76176,0.76195,3.37,1.00
2017.03.09 09:10:13.402,0.76175,0.76194,1.12,1.75
2017.03.09 09:10:13.985,0.76174,0.76191,1.00,1.00
2017.03.09 09:10:14.539,0.76175,0.76191,1.00,1.37
2017.03.09 09:10:14.645,0.76173,0.7619,1.00,1.12
2017.03.09 09:10:15.188,0.76174,0.76191,1.00,1.87
2017.03.09 09:10:15.461,0.7617,0.7619,1.50,1.37
2017.03.09 09:10:15.562,0.76175,0.76192,1.00,1.87
2017.03.09 09:10:18.198,0.76175,0.76192,1.00,1.50
2017.03.09 09:10:18.299,0.76175,0.76192,1.00,1.75
2017.03.09 09:10:19.603,0.76175,0.76193,1.00,1.75
2017.03.09 09:10:20.149,0.76174,0.76194,1.12,3.00
2017.03.09 09:10:20.451,0.76174,0.76195,1.75,1.12
2017.03.09 09:10:20.602,0.76174,0.76194,1.37,1.50
2017.03.09 09:10:20.714,0.76174,0.76194,1.12,1.75
2017.03.09 09:10:21.243,0.7618,0.76194,1.00,1.75
2017.03.09 09:10:21.344,0.7618,0.76193,1.00,1.00
2017.03.09 09:10:21.395,0.76175,0.76195,1.12,2.62
2017.03.09 09:10:21.937,0.76175,0.76194,1.50,1.75
2017.03.09 09:10:23.028,0.76175,0.76193,1.00,1.75
2017.03.09 09:10:23.760,0.7618,0.76196,1.87,1.75
2017.03.09 09:10:23.811,0.76181,0.76199,1.00,2.62
2017.03.09 09:10:23.961,0.76185,0.76199,1.00,2.62
2017.03.09 09:10:24.012,0.76185,0.76202,1.00,1.75
2017.03.09 09:10:24.313,0.76185,0.76203,1.12,1.75
2017.03.09 09:10:24.823,0.76185,0.76202,1.00,1.75
2017.03.09 09:10:26.069,0.7618,0.762,1.12,2.62
2017.03.09 09:10:26.321,0.76185,0.76201,1.00,3.37
2017.03.09 09:10:26.422,0.76185,0.76202,1.00,2.25
2017.03.09 09:10:26.750,0.76185,0.76202,1.00,2.62
2017.03.09 09:10:26.801,0.7618,0.762,1.12,1.75
2017.03.09 09:10:26.953,0.76181,0.762,1.00,2.25
2017.03.09 09:10:27.255,0.7618,0.76199,1.00,1.87
2017.03.09 09:10:31.560,0.76184,0.76201,1.00,3.37
2017.03.09 09:10:31.660,0.76184,0.76202,1.00,2.25
2017.03.09 09:10:31.962,0.76184,0.76205,1.00,3.37
2017.03.09 09:10:32.502,0.76185,0.76204,1.00,2.25
2017.03.09 09:10:34.970,0.76185,0.76203,1.12,1.12
2017.03.09 09:10:35.171,0.76185,0.76204,1.00,1.75
2017.03.09 09:10:36.060,0.76184,0.76199,1.00,1.12
2017.03.09 09:10:36.161,0.7618,0.76201,1.12,1.75
2017.03.09 09:10:36.262,0.7618,0.762,1.75,2.25
2017.03.09 09:10:36.564,0.76185,0.76202,1.00,1.75
2017.03.09 09:10:37.060,0.76181,0.762,1.37,1.50
2017.03.09 09:10:37.242,0.76184,0.76202,1.00,1.75
2017.03.09 09:10:38.072,0.7618,0.762,1.87,1.50
2017.03.09 09:10:38.449,0.7618,0.76198,1.50,1.00
2017.03.09 09:10:38.861,0.76184,0.76198,1.00,1.00
2017.03.09 09:10:39.255,0.7618,0.762,1.87,1.37
2017.03.09 09:10:39.621,0.76177,0.76196,3.37,1.00
2017.03.09 09:10:39.872,0.76171,0.7619,1.50,1.50
2017.03.09 09:10:39.973,0.76175,0.76189,1.00,1.12
2017.03.09 09:10:40.262,0.7617,0.7619,1.87,1.50
2017.03.09 09:10:40.363,0.7617,0.7619,1.75,1.12
2017.03.09 09:10:40.989,0.76175,0.76191,1.00,1.37
2017.03.09 09:10:41.563,0.76175,0.76191,1.00,1.00
2017.03.09 09:10:41.614,0.76175,0.76193,1.12,1.00
2017.03.09 09:10:41.665,0.76175,0.76195,1.87,2.25
2017.03.09 09:10:42.210,0.76175,0.76193,1.87,1.00
2017.03.09 09:10:42.260,0.76175,0.76193,1.12,1.50
2017.03.09 09:10:43.265,0.76175,0.76192,1.00,1.75
2017.03.09 09:10:45.482,0.76174,0.76196,1.12,4.87
2017.03.09 09:10:45.633,0.76175,0.76194,1.12,1.87
2017.03.09 09:10:45.734,0.76175,0.76192,1.50,1.00
2017.03.09 09:10:45.834,0.76175,0.76194,1.50,1.87
2017.03.09 09:10:46.389,0.76175,0.76193,1.12,1.00
2017.03.09 09:10:46.491,0.76175,0.76194,1.12,1.75
2017.03.09 09:10:48.245,0.76175,0.76195,1.50,2.25
2017.03.09 09:10:48.295,0.76176,0.76194,1.00,1.00
2017.03.09 09:10:49.116,0.76176,0.7619,1.00,1.00
2017.03.09 09:10:53.517,0.76172,0.7619,2.62,1.00
2017.03.09 09:10:55.518,0.76173,0.76191,1.87,1.00
2017.03.09 09:10:55.859,0.76176,0.76195,1.00,2.25
2017.03.09 09:10:55.909,0.76184,0.76195,1.00,1.50
2017.03.09 09:10:56.111,0.76188,0.76205,1.50,1.00
2017.03.09 09:10:56.357,0.76185,0.762,1.12,1.00
2017.03.09 09:10:56.409,0.76185,0.76205,1.87,1.75
2017.03.09 09:10:57.091,0.76184,0.76206,1.50,3.75
2017.03.09 09:10:57.822,0.76185,0.76205,1.12,1.75
2017.03.09 09:10:59.682,0.76184,0.762,1.00,1.12
2017.03.09 09:10:59.984,0.76175,0.76195,2.25,1.00
2017.03.09 09:11:00.034,0.76176,0.76195,1.75,1.12
2017.03.09 09:11:00.135,0.76176,0.76195,1.75,1.00
2017.03.09 09:11:00.236,0.7618,0.762,1.50,1.75
2017.03.09 09:11:00.588,0.7618,0.762,1.75,1.50
2017.03.09 09:11:00.689,0.7618,0.762,1.50,1.75
2017.03.09 09:11:00.941,0.76176,0.76195,2.25,1.00
2017.03.09 09:11:01.142,0.7618,0.762,1.50,1.75
2017.03.09 09:11:01.449,0.76177,0.76195,1.75,1.00
2017.03.09 09:11:01.651,0.7618,0.762,1.50,2.25
2017.03.09 09:11:01.802,0.7618,0.762,1.75,1.50
2017.03.09 09:11:02.003,0.7618,0.762,1.12,1.75
2017.03.09 09:11:02.104,0.7618,0.762,1.75,1.50
2017.03.09 09:11:02.944,0.76185,0.76205,1.00,4.87
2017.03.09 09:11:03.359,0.76181,0.762,1.75,1.50
2017.03.09 09:11:03.561,0.76185,0.76203,1.00,2.62
2017.03.09 09:11:04.075,0.76185,0.762,1.00,1.00
2017.03.09 09:11:05.220,0.76183,0.762,1.00,1.50
2017.03.09 09:11:05.271,0.76185,0.762,1.00,1.00
2017.03.09 09:11:05.322,0.76185,0.76203,1.12,1.50
2017.03.09 09:11:05.372,0.76182,0.762,1.75,1.00
2017.03.09 09:11:05.423,0.76185,0.76203,1.12,1.50
2017.03.09 09:11:06.695,0.76185,0.76202,1.12,1.50
2017.03.09 09:11:07.430,0.76185,0.76202,1.00,1.75
2017.03.09 09:11:08.416,0.7618,0.762,2.25,1.00
2017.03.09 09:11:09.141,0.76179,0.762,2.25,1.12
2017.03.09 09:11:10.646,0.76179,0.76201,2.25,1.50
2017.03.09 09:11:16.032,0.7618,0.762,2.25,1.75
2017.03.09 09:11:22.166,0.76181,0.762,1.50,2.25
2017.03.09 09:11:22.846,0.7618,0.76197,1.50,1.00
2017.03.09 09:11:23.377,0.76181,0.76197,1.00,1.00
2017.03.09 09:11:24.392,0.76182,0.76197,1.00,1.12
2017.03.09 09:11:24.698,0.7618,0.76193,1.50,1.00
2017.03.09 09:11:25.866,0.7618,0.76194,1.50,1.12
2017.03.09 09:11:26.681,0.7618,0.76195,1.50,1.00
2017.03.09 09:11:28.706,0.7618,0.76194,1.00,1.00
2017.03.09 09:11:29.221,0.76181,0.76194,1.00,1.00
2017.03.09 09:11:29.408,0.7618,0.76197,1.00,1.50
2017.03.09 09:11:29.559,0.76179,0.76194,1.50,1.00
2017.03.09 09:11:29.811,0.7618,0.76197,1.50,1.00
2017.03.09 09:11:29.861,0.7618,0.76194,1.50,1.00
2017.03.09 09:11:30.376,0.7618,0.76194,1.50,1.00
2017.03.09 09:11:30.846,0.7618,0.76196,1.50,1.00
2017.03.09 09:11:30.896,0.7618,0.76194,1.50,1.00
2017.03.09 09:11:30.947,0.7618,0.76196,1.50,1.00
2017.03.09 09:11:31.098,0.76185,0.76196,1.00,1.00
2017.03.09 09:11:32.063,0.7618,0.76197,1.75,1.00
2017.03.09 09:11:32.664,0.76184,0.76197,1.00,1.00
2017.03.09 09:11:34.037,0.7618,0.76199,2.25,1.00
2017.03.09 09:11:34.188,0.7618,0.76199,2.25,1.50
2017.03.09 09:11:34.298,0.76185,0.76197,1.00,1.00
2017.03.09 09:11:34.349,0.76185,0.762,1.00,1.00
2017.03.09 09:11:34.450,0.76186,0.76202,1.35,1.50
2017.03.09 09:11:34.551,0.7619,0.76205,1.12,1.00
2017.03.09 09:11:34.937,0.7619,0.76202,1.12,1.00
2017.03.09 09:11:35.681,0.7619,0.76203,1.12,1.00
2017.03.09 09:11:36.071,0.7619,0.76201,1.12,1.00
2017.03.09 09:11:36.580,0.7619,0.76202,1.12,1.00
2017.03.09 09:11:36.964,0.76189,0.76201,1.75,1.00
2017.03.09 09:11:37.065,0.76189,0.76201,1.50,1.00
2017.03.09 09:11:37.116,0.76189,0.76203,1.50,1.00
2017.03.09 09:11:40.517,0.76189,0.76204,1.50,1.00
2017.03.09 09:11:40.627,0.76189,0.76202,1.50,1.00
2017.03.09 09:11:41.305,0.76189,0.76202,1.00,1.00
2017.03.09 09:11:41.662,0.76185,0.76203,3.00,1.00
2017.03.09 09:11:41.860,0.76185,0.76201,2.25,1.00
2017.03.09 09:11:42.479,0.76185,0.76201,1.12,1.12
2017.03.09 09:11:42.912,0.76189,0.76201,1.00,1.12
2017.03.09 09:11:43.214,0.7619,0.7621,1.12,1.75
2017.03.09 09:11:43.752,0.76195,0.7621,1.00,1.75
2017.03.09 09:11:43.803,0.76195,0.76212,1.00,1.75
2017.03.09 09:11:43.904,0.76189,0.76211,4.50,2.25
2017.03.09 09:11:44.313,0.76195,0.76211,1.00,1.75
2017.03.09 09:11:46.859,0.76194,0.76215,1.00,1.75
2017.03.09 09:11:47.014,0.76197,0.76215,1.00,1.00
2017.03.09 09:11:47.064,0.76194,0.76216,2.25,1.75
2017.03.09 09:11:47.408,0.76199,0.76217,1.00,1.75
2017.03.09 09:11:47.995,0.76195,0.76215,1.75,1.50
2017.03.09 09:11:48.314,0.762,0.76219,1.00,2.25
2017.03.09 09:11:48.415,0.762,0.76219,1.12,2.25
2017.03.09 09:11:48.796,0.76195,0.76215,1.75,3.00
2017.03.09 09:11:49.099,0.76191,0.7621,1.75,1.50
2017.03.09 09:11:49.507,0.7619,0.7621,2.85,1.87
2017.03.09 09:11:49.975,0.76195,0.76212,1.00,1.75
2017.03.09 09:11:53.208,0.76195,0.76213,1.12,1.12
2017.03.09 09:11:54.995,0.76194,0.76215,1.12,2.62
2017.03.09 09:11:55.196,0.76194,0.76216,1.75,2.62
2017.03.09 09:11:56.678,0.76195,0.76215,1.75,3.00
2017.03.09 09:11:57.255,0.76195,0.76215,1.37,2.25
2017.03.09 09:11:58.622,0.76195,0.76215,1.75,1.37
2017.03.09 09:11:59.251,0.76195,0.76215,2.25,1.00
2017.03.09 09:11:59.807,0.76195,0.76215,2.25,1.50
2017.03.09 09:12:00.613,0.76194,0.76216,3.75,1.87
2017.03.09 09:12:00.922,0.76195,0.76215,1.75,1.37
2017.03.09 09:12:02.037,0.76195,0.76214,1.50,1.75
2017.03.09 09:12:02.238,0.7619,0.7621,3.00,1.50
2017.03.09 09:12:03.295,0.7619,0.7621,3.75,1.12
2017.03.09 09:12:03.790,0.7619,0.7621,2.25,1.37
2017.03.09 09:12:04.311,0.7619,0.7621,2.25,1.75
2017.03.09 09:12:05.217,0.76191,0.7621,1.00,1.75
2017.03.09 09:12:05.432,0.7619,0.7621,2.25,1.37
2017.03.09 09:12:05.719,0.76194,0.76209,1.00,2.25
2017.03.09 09:12:05.870,0.76189,0.76209,1.50,1.75
2017.03.09 09:12:08.623,0.76189,0.76205,1.00,1.00
2017.03.09 09:12:10.108,0.7619,0.76207,1.00,1.12
2017.03.09 09:12:11.559,0.76185,0.76203,2.25,1.00
2017.03.09 09:12:11.895,0.76185,0.76203,1.00,2.62
2017.03.09 09:12:11.946,0.76185,0.76205,1.12,2.25
2017.03.09 09:12:12.047,0.76185,0.76205,1.75,2.25
2017.03.09 09:12:12.225,0.76185,0.76203,1.12,1.12
2017.03.09 09:12:12.815,0.76184,0.76203,1.00,1.12
2017.03.09 09:12:13.363,0.76185,0.76204,1.00,1.12
2017.03.09 09:12:13.615,0.76185,0.76203,1.12,1.37
2017.03.09 09:12:14.741,0.76185,0.76201,1.12,1.00
2017.03.09 09:12:15.311,0.76185,0.76203,1.00,1.75
2017.03.09 09:12:15.807,0.76192,0.76207,1.00,2.62
2017.03.09 09:12:15.908,0.76192,0.76208,2.25,2.62
2017.03.09 09:12:16.009,0.76195,0.76212,1.12,1.50
2017.03.09 09:12:16.160,0.76193,0.7621,1.12,1.50
2017.03.09 09:12:16.314,0.76191,0.76209,1.00,1.00
2017.03.09 09:12:16.415,0.76189,0.76205,1.00,1.50
2017.03.09 09:12:16.717,0.76185,0.76205,1.50,1.75
2017.03.09 09:12:17.622,0.7619,0.76207,1.00,2.25
2017.03.09 09:12:17.717,0.7619,0.76207,1.00,2.25
2017.03.09 09:12:17.983,0.76185,0.76205,2.25,1.50
2017.03.09 09:12:19.218,0.7619,0.76208,1.00,2.25
2017.03.09 09:12:20.164,0.7619,0.76209,1.12,1.75
2017.03.09 09:12:20.466,0.7619,0.7621,1.50,1.75
2017.03.09 09:12:20.768,0.7619,0.7621,1.00,2.25
2017.03.09 09:12:21.140,0.76185,0.76204,2.25,1.50
2017.03.09 09:12:21.341,0.76185,0.76205,1.00,4.12
2017.03.09 09:12:22.048,0.76185,0.76203,1.00,2.25
2017.03.09 09:12:22.199,0.76181,0.762,1.50,1.50
2017.03.09 09:12:22.371,0.76181,0.762,2.25,1.00
2017.03.09 09:12:22.826,0.76182,0.762,1.00,1.00
2017.03.09 09:12:22.876,0.76184,0.76201,1.00,1.50
2017.03.09 09:12:22.927,0.76182,0.762,1.00,1.00
2017.03.09 09:12:23.440,0.7618,0.762,1.75,2.25
2017.03.09 09:12:23.756,0.7618,0.76198,1.12,2.25
2017.03.09 09:12:24.259,0.7618,0.762,1.50,1.87
2017.03.09 09:12:26.151,0.76179,0.76197,1.00,1.75
2017.03.09 09:12:26.681,0.7618,0.762,1.12,1.87
2017.03.09 09:12:26.882,0.76179,0.76197,1.75,1.00
2017.03.09 09:12:26.983,0.76179,0.76201,1.37,2.62
2017.03.09 09:12:27.034,0.7618,0.762,1.37,1.75
2017.03.09 09:12:27.608,0.7618,0.762,1.50,1.50
2017.03.09 09:12:29.035,0.76185,0.76202,1.00,3.00
2017.03.09 09:12:29.363,0.76185,0.76202,1.00,1.00
2017.03.09 09:12:29.514,0.76183,0.762,1.00,1.00
2017.03.09 09:12:29.842,0.76184,0.76201,1.00,2.25
2017.03.09 09:12:29.943,0.7618,0.762,1.50,1.75
2017.03.09 09:12:30.044,0.76185,0.76202,1.00,1.75
2017.03.09 09:12:30.145,0.76185,0.76202,1.00,1.75
2017.03.09 09:12:30.732,0.76184,0.76202,1.00,1.87
2017.03.09 09:12:30.862,0.7618,0.762,1.50,1.37
2017.03.09 09:12:31.325,0.76184,0.76199,1.00,1.00
2017.03.09 09:12:31.864,0.76185,0.76205,1.00,2.25
2017.03.09 09:12:32.317,0.7618,0.762,1.75,2.25
2017.03.09 09:12:32.542,0.7618,0.762,1.12,1.75
2017.03.09 09:12:32.592,0.7618,0.762,1.75,1.75
2017.03.09 09:12:33.118,0.76185,0.76201,1.00,1.75
2017.03.09 09:12:33.433,0.7618,0.76197,1.00,1.00
2017.03.09 09:12:34.140,0.76184,0.76197,1.00,1.00
2017.03.09 09:12:35.459,0.76179,0.76197,2.25,1.00
2017.03.09 09:12:35.798,0.76179,0.76201,1.50,4.12
2017.03.09 09:12:36.100,0.76185,0.76201,1.00,2.25
2017.03.09 09:12:36.252,0.7618,0.762,1.87,1.75
2017.03.09 09:12:36.352,0.76184,0.76201,1.00,2.25
2017.03.09 09:12:36.859,0.7618,0.762,1.37,1.75
2017.03.09 09:12:36.960,0.76185,0.76201,1.00,3.00
2017.03.09 09:12:37.263,0.7618,0.762,1.87,2.25
2017.03.09 09:12:37.565,0.7618,0.76198,1.00,1.75
2017.03.09 09:12:37.766,0.7618,0.76198,1.00,1.75
2017.03.09 09:12:38.298,0.7618,0.762,1.50,1.75
2017.03.09 09:12:39.159,0.76185,0.762,1.00,2.25
2017.03.09 09:12:39.520,0.7618,0.762,1.50,2.25
2017.03.09 09:12:40.040,0.7618,0.76198,1.00,1.75
2017.03.09 09:12:40.158,0.7618,0.76198,1.00,1.75
2017.03.09 09:12:40.503,0.7618,0.76198,1.00,1.75
2017.03.09 09:12:41.737,0.76179,0.76198,1.12,2.25
2017.03.09 09:12:42.169,0.76179,0.76197,1.00,1.37
2017.03.09 09:12:42.584,0.7618,0.76199,1.50,2.25
2017.03.09 09:12:42.835,0.76185,0.762,1.00,2.25
2017.03.09 09:12:43.105,0.7618,0.762,1.50,3.00
2017.03.09 09:12:43.307,0.7618,0.76198,1.00,1.75
2017.03.09 09:12:43.614,0.7618,0.76197,1.00,1.00
2017.03.09 09:12:44.527,0.76185,0.76197,1.00,1.00
2017.03.09 09:12:44.708,0.7618,0.76197,1.00,1.00
2017.03.09 09:12:44.934,0.76185,0.76197,1.00,1.00
2017.03.09 09:12:45.259,0.7618,0.76197,1.00,1.00
2017.03.09 09:12:45.900,0.7618,0.76196,1.00,1.00
2017.03.09 09:12:48.142,0.76185,0.76196,1.00,1.00
2017.03.09 09:12:48.650,0.76185,0.76199,1.00,2.25
2017.03.09 09:12:49.278,0.7618,0.76199,1.00,1.75
2017.03.09 09:12:49.605,0.7618,0.76199,1.00,2.25
2017.03.09 09:12:49.820,0.7618,0.76199,1.12,1.75
2017.03.09 09:12:50.211,0.7618,0.76197,1.00,3.00
2017.03.09 09:12:50.262,0.76175,0.76195,1.75,1.75
2017.03.09 09:12:50.312,0.7618,0.76192,1.00,1.00
2017.03.09 09:12:50.413,0.7618,0.76198,1.00,2.25
2017.03.09 09:12:50.942,0.7618,0.76199,1.00,1.75
2017.03.09 09:12:52.862,0.76179,0.76195,1.00,3.00
2017.03.09 09:12:53.011,0.76175,0.76192,2.25,1.00
2017.03.09 09:12:53.062,0.7618,0.76192,1.00,1.00
2017.03.09 09:12:53.213,0.7618,0.76194,1.00,1.00
2017.03.09 09:12:54.727,0.7618,0.76195,1.00,1.75
2017.03.09 09:12:54.777,0.76175,0.76195,1.12,2.25
2017.03.09 09:13:02.168,0.76175,0.76195,1.50,2.25
2017.03.09 09:13:02.219,0.7618,0.76197,1.00,1.75
2017.03.09 09:13:02.513,0.76174,0.76196,1.75,1.75
2017.03.09 09:13:02.909,0.76175,0.76195,1.50,1.50
2017.03.09 09:13:03.435,0.76175,0.76195,1.75,1.12
2017.03.09 09:13:03.781,0.76175,0.76195,1.50,1.75
2017.03.09 09:13:04.053,0.76175,0.76195,2.25,1.12
2017.03.09 09:13:06.658,0.7618,0.76197,1.00,1.75
2017.03.09 09:13:07.905,0.7618,0.76197,1.00,1.75
2017.03.09 09:13:09.087,0.76175,0.76195,2.62,1.50
2017.03.09 09:13:09.138,0.7618,0.76197,1.00,1.75
2017.03.09 09:13:09.791,0.7618,0.76199,1.00,1.87
2017.03.09 09:13:10.810,0.76179,0.762,1.00,1.75
2017.03.09 09:13:10.961,0.7618,0.76199,1.00,1.75
2017.03.09 09:13:11.111,0.7618,0.76199,1.00,1.75
2017.03.09 09:13:13.491,0.76179,0.76199,1.00,2.25
2017.03.09 09:13:13.663,0.7618,0.76199,1.00,2.25
2017.03.09 09:13:14.754,0.7618,0.762,1.12,1.75
2017.03.09 09:13:15.166,0.76181,0.762,1.00,1.50
2017.03.09 09:13:15.408,0.76185,0.762,1.00,1.00
2017.03.09 09:13:17.865,0.76181,0.762,1.50,1.00
2017.03.09 09:13:18.006,0.76182,0.76201,1.00,1.75
2017.03.09 09:13:18.516,0.76181,0.762,1.12,1.75
2017.03.09 09:13:18.926,0.76181,0.76201,1.87,1.75
2017.03.09 09:13:18.976,0.76181,0.76201,2.25,1.50
2017.03.09 09:13:21.275,0.7618,0.762,1.75,1.75
2017.03.09 09:13:21.591,0.7618,0.762,1.12,1.75
2017.03.09 09:13:22.177,0.76181,0.76199,1.00,1.00
2017.03.09 09:13:22.280,0.76182,0.762,1.75,1.00
2017.03.09 09:13:22.482,0.76181,0.762,1.75,1.12
2017.03.09 09:13:22.532,0.76182,0.76201,1.00,1.87
2017.03.09 09:13:22.684,0.76179,0.76201,2.25,3.37
2017.03.09 09:13:23.149,0.7618,0.762,2.25,1.37
2017.03.09 09:13:23.199,0.76183,0.76201,1.00,1.50
2017.03.09 09:13:23.250,0.76181,0.76201,1.75,1.12
2017.03.09 09:13:23.853,0.7618,0.762,2.25,1.00
2017.03.09 09:13:24.664,0.76181,0.76201,1.75,1.12
2017.03.09 09:13:24.715,0.76181,0.76201,1.50,1.12
2017.03.09 09:13:24.766,0.76181,0.76201,1.50,1.00
2017.03.09 09:13:25.588,0.7618,0.76201,2.25,1.12
2017.03.09 09:13:26.134,0.7618,0.762,3.00,1.00
2017.03.09 09:13:26.890,0.7618,0.76201,2.25,1.12
2017.03.09 09:13:27.429,0.76181,0.762,1.75,1.00
2017.03.09 09:13:27.781,0.76185,0.76205,2.25,1.50
2017.03.09 09:13:27.983,0.76185,0.76205,1.12,1.75
2017.03.09 09:13:28.300,0.76182,0.762,1.12,1.50
2017.03.09 09:13:28.681,0.7618,0.762,1.50,1.75
2017.03.09 09:13:29.409,0.7618,0.762,1.75,1.37
2017.03.09 09:13:29.460,0.76185,0.76203,1.00,2.25
2017.03.09 09:13:29.988,0.7618,0.762,3.37,1.00
2017.03.09 09:13:30.089,0.76179,0.76201,3.00,2.25
2017.03.09 09:13:30.189,0.7618,0.762,1.50,1.75
2017.03.09 09:13:30.497,0.76177,0.76195,1.75,1.00
2017.03.09 09:13:31.176,0.76179,0.76195,1.00,1.00
2017.03.09 09:13:31.277,0.7618,0.76197,1.00,1.00
2017.03.09 09:13:31.749,0.76176,0.76195,1.75,1.00
2017.03.09 09:13:31.913,0.7618,0.762,1.50,3.75
2017.03.09 09:13:32.013,0.76176,0.76195,1.87,1.00
2017.03.09 09:13:32.064,0.76175,0.76195,3.00,1.12
2017.03.09 09:13:32.441,0.76175,0.76195,1.75,1.75
2017.03.09 09:13:32.955,0.76173,0.7619,2.25,1.00
2017.03.09 09:13:34.195,0.76175,0.76195,1.75,2.25
2017.03.09 09:13:34.711,0.76176,0.76195,3.37,1.00
2017.03.09 09:13:34.862,0.76174,0.76196,2.47,1.50
2017.03.09 09:13:34.965,0.76174,0.76191,1.75,1.00
2017.03.09 09:13:35.066,0.76175,0.76195,1.12,1.50
2017.03.09 09:13:35.167,0.76173,0.7619,1.75,1.00
2017.03.09 09:13:35.657,0.76175,0.76195,1.12,1.50
2017.03.09 09:13:35.882,0.76173,0.7619,1.75,1.00
2017.03.09 09:13:37.334,0.76175,0.76195,1.12,1.50
2017.03.09 09:13:40.426,0.76175,0.76195,2.25,2.25
2017.03.09 09:13:40.926,0.76175,0.76195,1.37,3.00
2017.03.09 09:13:40.977,0.76175,0.76193,1.00,1.75
2017.03.09 09:13:41.931,0.76171,0.76191,1.75,1.50
2017.03.09 09:13:42.132,0.7617,0.76191,1.50,1.75
2017.03.09 09:13:42.183,0.7617,0.76188,1.00,1.00
2017.03.09 09:13:43.561,0.76169,0.76187,1.37,1.37
2017.03.09 09:13:44.275,0.76169,0.76186,1.00,1.00
2017.03.09 09:13:44.326,0.76167,0.76185,1.00,1.00
2017.03.09 09:13:45.835,0.76165,0.76184,1.37,1.12
2017.03.09 09:13:46.014,0.76165,0.76183,1.12,1.37
2017.03.09 09:13:47.623,0.76165,0.76185,1.50,2.25
2017.03.09 09:13:48.309,0.76165,0.76183,1.75,1.12
2017.03.09 09:13:50.495,0.7617,0.76189,1.00,2.62
2017.03.09 09:13:50.646,0.76171,0.76189,1.00,1.00
2017.03.09 09:13:53.971,0.76175,0.76189,1.00,1.00
2017.03.09 09:13:54.494,0.76169,0.76191,3.00,1.50
2017.03.09 09:13:55.325,0.76174,0.76193,1.00,1.75
2017.03.09 09:13:55.376,0.7617,0.7619,1.75,1.50
2017.03.09 09:13:59.322,0.76175,0.76191,1.00,1.12
2017.03.09 09:14:00.963,0.76174,0.76192,1.00,1.75
2017.03.09 09:14:02.080,0.76171,0.7619,1.50,1.50
2017.03.09 09:14:02.253,0.76174,0.76191,1.00,2.25
2017.03.09 09:14:03.761,0.76175,0.76191,1.00,2.62
2017.03.09 09:14:04.347,0.76175,0.76192,1.00,1.00
2017.03.09 09:14:04.719,0.7618,0.76197,1.00,3.00
2017.03.09 09:14:05.305,0.76175,0.76195,1.50,1.75
2017.03.09 09:14:05.356,0.7618,0.76196,1.00,2.25
2017.03.09 09:14:05.562,0.76175,0.76195,1.50,1.75
2017.03.09 09:14:05.773,0.76175,0.76195,1.75,1.50
2017.03.09 09:14:05.969,0.76175,0.76195,1.37,1.50
2017.03.09 09:14:06.670,0.76175,0.76195,1.37,2.25
2017.03.09 09:14:07.230,0.76175,0.76195,1.00,2.25
2017.03.09 09:14:10.495,0.76175,0.76193,1.00,1.75
2017.03.09 09:14:11.039,0.76175,0.76191,1.00,1.00
2017.03.09 09:14:12.517,0.76175,0.76192,1.00,2.25
2017.03.09 09:14:12.766,0.76175,0.76193,1.00,2.25
2017.03.09 09:14:13.887,0.76171,0.76191,1.75,1.12
2017.03.09 09:14:13.988,0.7617,0.76191,1.37,1.50
2017.03.09 09:14:14.299,0.76175,0.76192,1.00,1.75
2017.03.09 09:14:14.699,0.76175,0.7619,1.00,1.00
2017.03.09 09:14:14.850,0.76171,0.7619,1.00,1.50
2017.03.09 09:14:14.951,0.76174,0.7619,1.00,1.00
2017.03.09 09:14:15.280,0.76171,0.7619,1.00,1.00
2017.03.09 09:14:15.534,0.7617,0.7619,1.12,1.75
2017.03.09 09:14:15.685,0.76169,0.7619,1.50,1.50
2017.03.09 09:14:15.837,0.76174,0.7619,1.00,1.50
2017.03.09 09:14:15.887,0.7617,0.7619,1.37,1.50
2017.03.09 09:14:15.988,0.7617,0.7619,1.75,1.12
2017.03.09 09:14:17.917,0.76172,0.7619,1.75,1.12
2017.03.09 09:14:18.597,0.76172,0.7619,1.75,1.00
2017.03.09 09:14:19.114,0.76175,0.76195,2.25,1.87
2017.03.09 09:14:19.215,0.76175,0.76195,1.75,3.00
2017.03.09 09:14:19.416,0.76175,0.76191,1.75,1.00
2017.03.09 09:14:19.962,0.76171,0.7619,4.12,1.00
2017.03.09 09:14:20.109,0.76171,0.7619,2.25,1.00
2017.03.09 09:14:20.511,0.7617,0.7619,1.75,1.37
2017.03.09 09:14:20.612,0.7617,0.7619,1.75,1.12
2017.03.09 09:14:21.375,0.76175,0.76192,1.00,1.75
2017.03.09 09:14:21.932,0.7617,0.76191,1.75,1.50
2017.03.09 09:14:22.285,0.76175,0.76193,1.50,1.50
2017.03.09 09:14:22.604,0.7617,0.7619,2.25,1.00
2017.03.09 09:14:22.856,0.76175,0.76193,1.50,1.50
2017.03.09 09:14:26.699,0.76174,0.7619,1.75,1.00
2017.03.09 09:14:27.540,0.76176,0.76195,1.00,1.50
2017.03.09 09:14:27.591,0.76176,0.76195,1.50,1.50
2017.03.09 09:14:27.793,0.76178,0.76195,2.25,1.12
2017.03.09 09:14:28.282,0.76179,0.762,1.75,2.25
2017.03.09 09:14:28.589,0.76178,0.76196,1.75,1.00
2017.03.09 09:14:29.167,0.7618,0.762,1.75,2.25
2017.03.09 09:14:34.070,0.76185,0.76201,1.00,1.75
2017.03.09 09:14:34.120,0.7618,0.762,1.75,1.75
2017.03.09 09:14:34.322,0.76179,0.76197,1.50,1.00
2017.03.09 09:14:34.473,0.76179,0.76201,1.50,1.75
2017.03.09 09:14:34.524,0.76181,0.762,1.00,1.00
2017.03.09 09:14:35.738,0.76179,0.76201,1.75,2.25
2017.03.09 09:14:36.115,0.76177,0.76196,1.75,1.00
2017.03.09 09:14:36.325,0.76179,0.76199,1.12,2.25
2017.03.09 09:14:38.472,0.76175,0.76195,1.75,1.50
2017.03.09 09:14:38.523,0.76176,0.76194,1.00,1.00
2017.03.09 09:14:38.809,0.7618,0.76194,1.00,1.00
2017.03.09 09:14:39.334,0.7618,0.76199,1.00,3.00
2017.03.09 09:14:39.637,0.7618,0.76199,1.75,1.37
2017.03.09 09:14:39.935,0.76184,0.762,1.00,1.00
2017.03.09 09:14:40.237,0.76184,0.76205,1.75,2.25
2017.03.09 09:14:40.439,0.76184,0.76204,1.12,1.75
2017.03.09 09:14:40.641,0.76184,0.76203,1.50,1.37
2017.03.09 09:14:40.792,0.76186,0.76204,1.00,1.00
2017.03.09 09:14:41.176,0.76185,0.76204,1.00,2.25
2017.03.09 09:14:41.912,0.76187,0.76205,1.00,1.37
2017.03.09 09:14:41.964,0.76185,0.76205,1.75,1.12
2017.03.09 09:14:42.116,0.76184,0.76205,1.50,1.75
2017.03.09 09:14:42.672,0.76185,0.76201,1.00,1.00
2017.03.09 09:14:43.263,0.76183,0.762,1.00,1.00
2017.03.09 09:14:44.229,0.76185,0.76201,1.00,1.50
2017.03.09 09:14:44.431,0.76183,0.762,1.00,1.00
2017.03.09 09:14:44.632,0.76185,0.76201,1.00,1.00
2017.03.09 09:14:45.686,0.76185,0.76202,1.00,1.12
2017.03.09 09:14:46.068,0.7618,0.762,1.75,1.75
2017.03.09 09:14:46.685,0.76185,0.76204,1.00,4.12
2017.03.09 09:14:46.992,0.76179,0.76201,2.25,1.75
2017.03.09 09:14:47.800,0.7618,0.762,1.37,1.75
2017.03.09 09:14:47.851,0.7618,0.76197,1.00,1.00
2017.03.09 09:14:49.510,0.7618,0.762,1.37,1.50
2017.03.09 09:14:49.561,0.7618,0.762,1.75,1.50
2017.03.09 09:14:50.589,0.7618,0.762,1.37,1.75
2017.03.09 09:14:50.640,0.7618,0.76196,1.00,1.00
2017.03.09 09:14:51.162,0.7618,0.762,1.50,1.75
2017.03.09 09:14:51.262,0.76181,0.762,1.00,1.50
2017.03.09 09:14:51.883,0.76179,0.76201,2.25,2.25
2017.03.09 09:14:52.444,0.76181,0.76201,1.12,2.25
2017.03.09 09:14:52.651,0.76181,0.762,1.75,1.12
2017.03.09 09:14:52.802,0.76185,0.76203,1.00,1.75
2017.03.09 09:14:53.756,0.76182,0.762,1.50,1.12
2017.03.09 09:14:53.908,0.76185,0.76203,1.00,2.25
2017.03.09 09:14:54.816,0.76185,0.76203,1.00,1.75
2017.03.09 09:14:55.352,0.76185,0.76203,1.00,1.75
2017.03.09 09:14:55.482,0.76185,0.76201,1.00,1.00
2017.03.09 09:14:56.357,0.76185,0.76203,1.00,1.00
2017.03.09 09:15:00.077,0.76186,0.76203,1.00,1.00
2017.03.09 09:15:00.489,0.76185,0.76205,1.50,2.25
2017.03.09 09:15:01.027,0.76185,0.76205,2.25,1.75
2017.03.09 09:15:01.330,0.76188,0.76205,1.37,1.00
2017.03.09 09:15:01.381,0.76188,0.76206,1.00,1.50
2017.03.09 09:15:02.022,0.76188,0.76205,1.00,1.00
2017.03.09 09:15:02.524,0.76187,0.76205,1.50,1.00
2017.03.09 09:15:04.200,0.76186,0.76205,1.37,1.50
2017.03.09 09:15:05.570,0.7619,0.76206,1.00,1.00
2017.03.09 09:15:06.064,0.76187,0.76205,1.50,1.00
2017.03.09 09:15:07.959,0.7619,0.76206,1.00,1.00
2017.03.09 09:15:08.010,0.76187,0.76205,1.12,1.12
2017.03.09 09:15:08.111,0.76189,0.76207,1.00,1.75
2017.03.09 09:15:08.750,0.76188,0.76206,1.00,1.75
2017.03.09 09:15:09.229,0.76186,0.76206,1.12,2.25
2017.03.09 09:15:11.138,0.76185,0.76204,1.87,1.12
2017.03.09 09:15:11.390,0.76186,0.76205,1.75,1.50
2017.03.09 09:15:14.837,0.76185,0.76204,1.87,2.25
2017.03.09 09:15:14.938,0.76185,0.76205,1.50,3.00
2017.03.09 09:15:15.240,0.76184,0.76206,2.25,1.50
2017.03.09 09:15:15.341,0.76187,0.76206,1.00,1.50
2017.03.09 09:15:15.959,0.76187,0.76206,1.00,1.87
2017.03.09 09:15:16.492,0.76187,0.76206,1.00,1.87
2017.03.09 09:15:17.321,0.76188,0.76206,1.00,1.50
2017.03.09 09:15:17.859,0.76189,0.76206,1.37,1.12
2017.03.09 09:15:18.575,0.76189,0.76206,1.75,1.00
2017.03.09 09:15:20.224,0.7619,0.76207,1.50,1.00
2017.03.09 09:15:20.526,0.7619,0.76206,1.00,1.50
2017.03.09 09:15:21.041,0.7619,0.76206,1.00,1.00
2017.03.09 09:15:21.142,0.76188,0.76205,1.00,1.00
2017.03.09 09:15:21.651,0.7619,0.76206,1.00,1.00
2017.03.09 09:15:23.570,0.76189,0.76206,1.00,1.00
2017.03.09 09:15:23.873,0.76192,0.7621,1.12,1.50
2017.03.09 09:15:24.453,0.7619,0.7621,1.75,1.50
2017.03.09 09:15:26.360,0.76195,0.76213,1.00,1.75
2017.03.09 09:15:26.664,0.76195,0.76214,1.37,1.50
2017.03.09 09:15:27.197,0.76195,0.76215,1.12,1.75
2017.03.09 09:15:27.745,0.76199,0.76217,1.00,1.75
2017.03.09 09:15:27.846,0.76199,0.76218,1.00,2.25
2017.03.09 09:15:29.538,0.76195,0.76215,1.75,1.12
2017.03.09 09:15:30.055,0.76198,0.76215,1.00,1.00
2017.03.09 09:15:30.156,0.76199,0.76217,1.00,1.00
2017.03.09 09:15:30.358,0.76198,0.76215,1.00,1.00
2017.03.09 09:15:30.665,0.76195,0.76215,1.00,3.00
2017.03.09 09:15:31.042,0.76195,0.76215,1.50,1.75
2017.03.09 09:15:31.345,0.762,0.76218,1.00,1.87
2017.03.09 09:15:31.547,0.762,0.76215,1.00,1.00
2017.03.09 09:15:32.115,0.762,0.7622,1.00,1.75
2017.03.09 09:15:33.090,0.762,0.76217,1.00,1.75
2017.03.09 09:15:33.865,0.76198,0.76215,1.00,1.50
2017.03.09 09:15:34.924,0.76197,0.76215,1.00,1.50
2017.03.09 09:15:37.942,0.76196,0.76215,1.00,1.50
2017.03.09 09:15:38.485,0.76197,0.76215,1.00,1.50
2017.03.09 09:15:38.797,0.76195,0.76215,1.12,1.50
2017.03.09 09:15:38.898,0.76195,0.76215,1.75,1.12
2017.03.09 09:15:40.247,0.762,0.76218,1.00,1.75
2017.03.09 09:15:40.883,0.762,0.76218,1.50,1.00
2017.03.09 09:15:40.984,0.76201,0.7622,1.37,1.50
2017.03.09 09:15:41.477,0.762,0.7622,1.00,4.12
2017.03.09 09:15:41.779,0.76201,0.7622,1.00,1.50
2017.03.09 09:15:42.011,0.762,0.7622,3.37,1.00
2017.03.09 09:15:43.103,0.76204,0.76224,1.50,1.75
2017.03.09 09:15:44.438,0.762,0.7622,2.62,1.00
2017.03.09 09:15:45.272,0.76205,0.76225,1.12,2.25
2017.03.09 09:15:47.974,0.76205,0.76224,1.00,1.87
2017.03.09 09:15:48.352,0.762,0.7622,2.62,1.12
2017.03.09 09:15:48.402,0.762,0.7622,2.62,1.75
2017.03.09 09:15:48.731,0.762,0.7622,1.50,1.75
2017.03.09 09:15:51.968,0.76205,0.76221,1.00,1.75
2017.03.09 09:15:52.124,0.76205,0.76225,2.25,1.75
2017.03.09 09:15:52.232,0.76206,0.76225,1.37,1.75
2017.03.09 09:15:52.463,0.7621,0.7623,1.00,4.35
2017.03.09 09:15:52.634,0.7621,0.7623,1.00,3.22
2017.03.09 09:15:53.214,0.76205,0.76225,1.75,1.12
2017.03.09 09:15:55.303,0.76205,0.76225,1.37,1.50
2017.03.09 09:15:55.404,0.76205,0.76225,1.12,1.75
2017.03.09 09:15:56.045,0.76205,0.76224,1.00,1.75
2017.03.09 09:15:58.449,0.76204,0.76221,1.00,1.50
2017.03.09 09:15:59.062,0.76205,0.76224,1.00,1.87
2017.03.09 09:16:03.227,0.76202,0.7622,1.50,1.12
2017.03.09 09:16:03.760,0.76204,0.76224,1.00,1.87
2017.03.09 09:16:03.947,0.76201,0.7622,1.37,3.37
2017.03.09 09:16:04.048,0.76199,0.76218,1.12,1.75
2017.03.09 09:16:04.149,0.76199,0.76217,1.12,1.00
2017.03.09 09:16:04.632,0.76199,0.76217,1.50,1.00
2017.03.09 09:16:05.587,0.76199,0.76217,1.37,1.00
2017.03.09 09:16:08.728,0.76199,0.76217,1.12,1.00
2017.03.09 09:16:09.072,0.762,0.76218,1.00,1.75
2017.03.09 09:16:09.655,0.76199,0.76218,1.00,1.75
2017.03.09 09:16:10.822,0.762,0.76219,1.00,1.75
2017.03.09 09:16:16.973,0.762,0.76218,1.00,1.75
2017.03.09 09:16:20.789,0.762,0.76219,1.37,1.75
2017.03.09 09:16:20.839,0.76205,0.76221,1.00,2.62
2017.03.09 09:16:21.041,0.76205,0.76224,1.50,1.75
2017.03.09 09:16:21.091,0.76202,0.7622,1.87,1.00
2017.03.09 09:16:25.318,0.76205,0.76225,1.50,3.00
2017.03.09 09:16:29.587,0.76206,0.76225,1.37,1.50
2017.03.09 09:16:29.637,0.7621,0.76228,1.12,3.37
2017.03.09 09:16:29.688,0.7621,0.76228,1.12,1.75
2017.03.09 09:16:30.234,0.7621,0.76229,1.12,2.25
2017.03.09 09:16:32.797,0.7621,0.76228,1.50,1.75
2017.03.09 09:16:33.069,0.76207,0.76225,1.12,1.50
2017.03.09 09:16:33.646,0.76209,0.76225,1.12,1.00
2017.03.09 09:16:34.449,0.7621,0.76225,1.00,1.00
2017.03.09 09:16:34.829,0.76207,0.76225,1.12,1.00
2017.03.09 09:16:35.590,0.76205,0.76226,1.50,1.75
2017.03.09 09:16:36.100,0.76205,0.76226,1.50,1.75
2017.03.09 09:16:39.729,0.76205,0.7622,1.50,1.00
2017.03.09 09:16:39.982,0.76202,0.7622,1.50,1.37
2017.03.09 09:16:40.810,0.76205,0.76224,1.00,1.87
2017.03.09 09:16:40.910,0.76205,0.76224,1.00,1.75
2017.03.09 09:16:43.720,0.76202,0.76221,1.87,1.12
2017.03.09 09:16:44.198,0.76202,0.7622,1.87,1.00
2017.03.09 09:16:46.880,0.76202,0.7622,1.12,1.12
2017.03.09 09:16:51.748,0.76201,0.76219,1.50,1.50
2017.03.09 09:16:51.848,0.762,0.76217,1.37,1.12
2017.03.09 09:16:51.899,0.762,0.76216,1.00,1.12
2017.03.09 09:16:52.201,0.76196,0.76214,1.50,1.12
2017.03.09 09:16:55.628,0.76196,0.76215,1.37,2.25
2017.03.09 09:16:56.189,0.76195,0.76215,2.62,1.75
2017.03.09 09:16:56.438,0.762,0.76217,1.00,1.87
2017.03.09 09:16:56.579,0.76195,0.76216,1.75,1.50
2017.03.09 09:16:56.832,0.76195,0.76216,1.50,2.25
2017.03.09 09:16:57.261,0.762,0.76217,1.00,1.75
2017.03.09 09:16:59.558,0.76197,0.76216,1.12,2.25
2017.03.09 09:16:59.761,0.76199,0.76216,1.00,1.75
2017.03.09 09:17:01.151,0.76195,0.76213,1.50,1.12
2017.03.09 09:17:01.973,0.762,0.76215,1.00,2.62
2017.03.09 09:17:02.023,0.76195,0.76215,1.50,3.37
2017.03.09 09:17:02.074,0.762,0.76215,1.00,1.50
2017.03.09 09:17:02.225,0.762,0.76219,1.00,1.75
2017.03.09 09:17:07.199,0.76199,0.76221,1.87,3.00
2017.03.09 09:17:07.422,0.762,0.76217,1.00,1.75
2017.03.09 09:17:07.938,0.76199,0.76216,1.00,1.50
2017.03.09 09:17:08.541,0.76196,0.76215,1.12,1.37
2017.03.09 09:17:09.514,0.762,0.76216,1.00,1.50
2017.03.09 09:17:10.042,0.762,0.76217,1.12,1.12
2017.03.09 09:17:10.611,0.762,0.7622,1.87,1.75
2017.03.09 09:17:11.058,0.76201,0.7622,1.12,1.37
2017.03.09 09:17:11.159,0.76202,0.7622,1.37,1.12
2017.03.09 09:17:11.260,0.76202,0.7622,1.37,1.50
2017.03.09 09:17:11.888,0.76202,0.7622,1.12,1.50
2017.03.09 09:17:12.114,0.76205,0.7622,1.00,1.00
2017.03.09 09:17:12.416,0.76196,0.76211,1.12,1.37
2017.03.09 09:17:12.567,0.76194,0.76211,1.50,1.75
2017.03.09 09:17:15.032,0.76195,0.76211,1.00,1.75
2017.03.09 09:17:15.413,0.762,0.76213,1.00,1.75
2017.03.09 09:17:16.424,0.76195,0.76214,1.37,2.25
2017.03.09 09:17:16.856,0.76195,0.76214,1.50,1.75
2017.03.09 09:17:17.234,0.762,0.76214,1.00,1.75
2017.03.09 09:17:17.402,0.76196,0.76214,1.00,1.75
2017.03.09 09:17:17.974,0.76195,0.76214,1.37,1.75
2017.03.09 09:17:19.345,0.76192,0.7621,1.87,1.12
2017.03.09 09:17:19.446,0.76195,0.76213,1.00,2.25
2017.03.09 09:17:19.795,0.76195,0.76211,1.50,1.50
2017.03.09 09:17:20.555,0.76195,0.76211,1.37,1.50
2017.03.09 09:17:21.394,0.762,0.76212,1.00,1.75
2017.03.09 09:17:21.900,0.76195,0.76212,1.12,1.75
2017.03.09 09:17:22.312,0.76195,0.76213,1.75,1.75
2017.03.09 09:17:22.463,0.762,0.76218,1.00,3.37
2017.03.09 09:17:22.564,0.762,0.76217,1.00,1.00
2017.03.09 09:17:22.829,0.762,0.76215,1.00,1.00
2017.03.09 09:17:23.398,0.76195,0.76215,1.50,1.75
2017.03.09 09:17:23.938,0.76195,0.76212,1.00,1.00
2017.03.09 09:17:24.596,0.76195,0.76212,1.37,1.00
2017.03.09 09:17:24.901,0.76196,0.76215,1.12,1.87
2017.03.09 09:17:26.127,0.76195,0.76214,2.25,1.12
2017.03.09 09:17:26.178,0.76195,0.76214,2.25,1.50
2017.03.09 09:17:26.228,0.76199,0.76217,1.00,1.75
2017.03.09 09:17:26.279,0.76195,0.76215,1.50,1.75
2017.03.09 09:17:26.527,0.76194,0.76213,2.25,1.75
2017.03.09 09:17:26.779,0.76195,0.76216,1.12,2.25
2017.03.09 09:17:27.279,0.76195,0.76212,1.12,1.12
2017.03.09 09:17:27.921,0.76195,0.76213,1.12,1.75
2017.03.09 09:17:28.444,0.76195,0.76213,1.00,1.75
2017.03.09 09:17:30.816,0.76194,0.76213,1.12,1.75
2017.03.09 09:17:31.375,0.76195,0.76213,1.00,1.75
2017.03.09 09:17:32.035,0.76194,0.76213,1.12,1.75
2017.03.09 09:17:32.921,0.76194,0.76213,2.25,1.50
2017.03.09 09:17:33.022,0.76194,0.76215,1.75,1.87
2017.03.09 09:17:33.863,0.762,0.76214,1.00,1.75
2017.03.09 09:17:34.015,0.762,0.76219,1.50,1.37
2017.03.09 09:17:34.115,0.76201,0.7622,1.37,1.50
2017.03.09 09:17:34.421,0.76199,0.76219,2.25,1.75
2017.03.09 09:17:35.108,0.76205,0.76222,1.00,4.12
2017.03.09 09:17:35.159,0.762,0.7622,1.50,2.25
2017.03.09 09:17:35.310,0.76199,0.7622,2.25,1.75
2017.03.09 09:17:35.615,0.76205,0.7622,1.00,1.37
2017.03.09 09:17:36.227,0.762,0.7622,1.50,1.87
2017.03.09 09:17:37.037,0.76205,0.76219,1.00,1.12
2017.03.09 09:17:37.316,0.762,0.7622,1.87,1.37
2017.03.09 09:17:37.416,0.76201,0.7622,1.12,2.25
2017.03.09 09:17:37.925,0.76201,0.7622,1.50,2.25
2017.03.09 09:17:38.271,0.76205,0.76221,1.00,2.25
2017.03.09 09:17:38.419,0.76201,0.76221,1.50,3.00
2017.03.09 09:17:39.005,0.76201,0.7622,1.37,1.50
2017.03.09 09:17:39.106,0.76205,0.7622,1.00,1.50
2017.03.09 09:17:39.813,0.762,0.7622,2.25,1.50
2017.03.09 09:17:39.863,0.762,0.7622,1.87,1.75
2017.03.09 09:17:41.420,0.76201,0.7622,1.00,1.75
2017.03.09 09:17:43.157,0.762,0.7622,1.87,2.62
2017.03.09 09:17:43.660,0.762,0.76219,1.50,1.50
2017.03.09 09:17:43.710,0.76205,0.76219,1.00,1.50
2017.03.09 09:17:43.761,0.76201,0.76219,1.00,1.50
2017.03.09 09:17:43.904,0.762,0.7622,1.87,1.12
2017.03.09 09:17:44.284,0.76205,0.76223,1.00,1.87
2017.03.09 09:17:44.335,0.762,0.76221,1.87,1.87
2017.03.09 09:17:45.897,0.76201,0.76219,1.50,1.00
2017.03.09 09:17:46.148,0.76199,0.76217,1.87,1.37
2017.03.09 09:17:46.200,0.76199,0.76217,1.50,1.75
2017.03.09 09:17:46.835,0.76205,0.76221,1.00,1.12
2017.03.09 09:17:47.036,0.76205,0.76223,1.12,1.75
2017.03.09 09:17:48.100,0.76204,0.76225,2.25,1.87
2017.03.09 09:17:48.402,0.7621,0.76224,1.00,1.37
2017.03.09 09:17:48.453,0.76205,0.76224,1.50,1.37
2017.03.09 09:17:51.793,0.7621,0.76224,1.00,1.37
2017.03.09 09:17:52.145,0.7621,0.76228,1.00,1.12
2017.03.09 09:17:52.246,0.7621,0.76228,1.50,1.37
2017.03.09 09:17:52.447,0.7621,0.76228,1.00,1.12
2017.03.09 09:17:53.080,0.7621,0.76225,1.00,1.75
2017.03.09 09:17:53.615,0.7621,0.76225,1.00,1.75
2017.03.09 09:17:53.666,0.7621,0.76225,1.00,1.75
2017.03.09 09:17:55.324,0.7621,0.76225,1.00,1.12
2017.03.09 09:17:55.613,0.7621,0.76228,1.00,1.00
2017.03.09 09:17:55.721,0.7621,0.7623,1.00,1.87
2017.03.09 09:17:57.533,0.76207,0.76225,2.25,1.12
2017.03.09 09:17:58.054,0.7621,0.76225,1.00,1.00
2017.03.09 09:17:58.709,0.7621,0.76226,1.00,1.87
2017.03.09 09:17:58.913,0.76207,0.76225,1.12,1.50
2017.03.09 09:17:59.029,0.7621,0.76226,1.00,1.87
2017.03.09 09:17:59.578,0.7621,0.76225,1.00,1.12
2017.03.09 09:18:00.093,0.7621,0.76224,1.00,1.00
2017.03.09 09:18:00.555,0.76209,0.7623,2.25,1.12
2017.03.09 09:18:00.656,0.76209,0.7623,1.75,1.00
2017.03.09 09:18:00.706,0.76209,0.76231,1.87,1.87
2017.03.09 09:18:01.231,0.76214,0.76229,1.00,1.12
2017.03.09 09:18:01.728,0.7621,0.76228,1.75,1.00
2017.03.09 09:18:01.879,0.7621,0.76226,1.37,1.00
2017.03.09 09:18:01.980,0.76205,0.76225,1.87,1.50
2017.03.09 09:18:02.448,0.76205,0.76224,1.75,1.50
2017.03.09 09:18:02.810,0.76205,0.76224,1.00,1.75
2017.03.09 09:18:03.435,0.76202,0.76221,1.75,1.50
2017.03.09 09:18:03.794,0.762,0.7622,1.50,1.50
2017.03.09 09:18:03.844,0.762,0.7622,1.12,1.75
2017.03.09 09:18:04.439,0.762,0.76218,1.50,1.37
2017.03.09 09:18:04.753,0.762,0.7622,1.87,1.50
2017.03.09 09:18:05.775,0.76205,0.76222,1.00,1.75
2017.03.09 09:18:06.076,0.7621,0.76224,1.00,1.12
2017.03.09 09:18:06.665,0.7621,0.76228,1.00,1.12
2017.03.09 09:18:06.968,0.7621,0.76222,1.00,1.50
2017.03.09 09:18:07.273,0.76204,0.76221,1.50,1.12
2017.03.09 09:18:07.425,0.7621,0.76221,1.00,1.12
2017.03.09 09:18:07.526,0.76205,0.76223,1.50,1.75
2017.03.09 09:18:07.860,0.76205,0.76223,1.87,1.75
2017.03.09 09:18:08.162,0.7621,0.76227,1.00,1.12
2017.03.09 09:18:08.583,0.76207,0.76225,1.50,1.50
2017.03.09 09:18:09.081,0.76207,0.76223,1.00,1.00
2017.03.09 09:18:09.383,0.76211,0.76227,1.12,1.12
2017.03.09 09:18:09.484,0.76213,0.7623,1.00,1.12
2017.03.09 09:18:09.585,0.76212,0.76231,1.75,1.12
2017.03.09 09:18:09.911,0.76213,0.76231,1.12,1.75
2017.03.09 09:18:10.213,0.76215,0.76232,1.37,1.50
2017.03.09 09:18:10.365,0.76214,0.76231,1.00,1.12
2017.03.09 09:18:11.012,0.76212,0.7623,1.37,1.00
2017.03.09 09:18:11.355,0.76214,0.76232,1.37,1.50
2017.03.09 09:18:11.691,0.76215,0.76234,1.37,1.50
2017.03.09 09:18:11.792,0.76215,0.76233,1.12,1.75
2017.03.09 09:18:12.094,0.76216,0.76235,1.37,1.37
2017.03.09 09:18:12.715,0.76217,0.76235,1.12,1.50
2017.03.09 09:18:13.190,0.76219,0.76236,1.00,1.75
2017.03.09 09:18:13.885,0.76216,0.76235,2.62,1.50
2017.03.09 09:18:14.457,0.76217,0.76235,1.00,1.50
2017.03.09 09:18:15.044,0.76216,0.76235,1.12,1.50
2017.03.09 09:18:15.353,0.7622,0.76236,1.00,1.75
2017.03.09 09:18:15.778,0.76219,0.76236,1.00,1.75
2017.03.09 09:18:16.304,0.7622,0.76236,1.00,1.75
2017.03.09 09:18:16.742,0.76215,0.76235,1.87,1.75
2017.03.09 09:18:17.569,0.76215,0.76235,1.87,1.50
2017.03.09 09:18:18.475,0.76215,0.76235,1.87,2.25
2017.03.09 09:18:20.280,0.76215,0.76235,1.87,2.25
2017.03.09 09:18:20.381,0.76217,0.76235,1.37,1.50
2017.03.09 09:18:21.019,0.7622,0.76236,1.00,1.75
2017.03.09 09:18:21.255,0.76217,0.76235,1.37,1.50
2017.03.09 09:18:23.407,0.76214,0.7623,1.75,1.00
2017.03.09 09:18:23.508,0.76216,0.7623,1.00,1.00
2017.03.09 09:18:23.810,0.76215,0.7623,1.75,1.00
2017.03.09 09:18:24.102,0.76215,0.7623,1.12,1.00
2017.03.09 09:18:24.470,0.76215,0.76235,1.87,1.75
2017.03.09 09:18:25.873,0.76215,0.76235,2.25,1.75
2017.03.09 09:18:26.125,0.76215,0.76235,1.87,2.25
2017.03.09 09:18:26.226,0.76215,0.76235,1.75,2.25
2017.03.09 09:18:26.738,0.76215,0.7623,1.00,1.00
2017.03.09 09:18:27.055,0.76215,0.76228,1.00,1.50
2017.03.09 09:18:27.440,0.7621,0.76227,1.12,1.00
2017.03.09 09:18:27.875,0.7621,0.76226,1.00,1.37
2017.03.09 09:18:27.976,0.76206,0.76222,1.00,1.00
2017.03.09 09:18:28.077,0.76205,0.76224,1.12,2.25
2017.03.09 09:18:28.608,0.76205,0.76225,1.75,1.87
2017.03.09 09:18:28.658,0.7621,0.76228,1.00,2.62
2017.03.09 09:18:28.709,0.7621,0.76228,1.00,1.37
2017.03.09 09:18:28.759,0.76205,0.76225,1.75,1.50
2017.03.09 09:18:28.810,0.76205,0.76223,1.75,1.12
2017.03.09 09:18:28.961,0.76205,0.76225,1.37,3.00
2017.03.09 09:18:29.011,0.76205,0.76221,1.00,1.00
2017.03.09 09:18:29.337,0.76205,0.76225,1.37,2.25
2017.03.09 09:18:29.437,0.76205,0.76225,1.50,2.25
2017.03.09 09:18:29.493,0.76205,0.76225,1.50,2.62
2017.03.09 09:18:32.734,0.76205,0.76225,1.37,1.75
2017.03.09 09:18:33.419,0.76205,0.76225,1.00,1.75
2017.03.09 09:18:33.949,0.76204,0.76222,1.12,1.75
2017.03.09 09:18:34.381,0.76204,0.76224,1.87,1.75
2017.03.09 09:18:34.532,0.76204,0.76223,2.25,1.00
2017.03.09 09:18:35.792,0.7621,0.76223,1.00,1.00
2017.03.09 09:18:36.044,0.76215,0.76231,1.00,1.37
2017.03.09 09:18:36.095,0.76215,0.76232,2.25,1.50
2017.03.09 09:18:36.246,0.7622,0.76239,1.12,1.75
2017.03.09 09:18:38.312,0.76216,0.76235,1.87,1.00
2017.03.09 09:18:38.920,0.7622,0.76239,1.12,1.75
2017.03.09 09:18:39.457,0.7622,0.7624,1.00,3.75
2017.03.09 09:18:39.636,0.76215,0.76235,1.75,1.12
2017.03.09 09:18:39.737,0.76215,0.76235,1.75,3.00
2017.03.09 09:18:39.938,0.76215,0.76232,1.00,1.00
2017.03.09 09:18:41.155,0.76219,0.76235,1.00,1.37
2017.03.09 09:18:41.256,0.76219,0.76235,1.12,1.12
2017.03.09 09:18:42.036,0.7622,0.76239,1.00,1.75
2017.03.09 09:18:44.119,0.7622,0.7624,1.50,3.75
2017.03.09 09:18:47.143,0.7622,0.76238,1.00,1.12
2017.03.09 09:18:47.734,0.7622,0.7624,1.37,3.00
2017.03.09 09:18:47.835,0.7622,0.76239,1.50,1.50
2017.03.09 09:18:47.936,0.76217,0.76235,1.87,1.00
2017.03.09 09:18:47.986,0.7622,0.7624,1.50,1.87
2017.03.09 09:18:48.338,0.7622,0.76239,1.00,1.12
2017.03.09 09:18:48.866,0.76216,0.76235,1.87,1.00
2017.03.09 09:18:49.510,0.7622,0.7624,1.00,1.75
2017.03.09 09:18:50.464,0.76219,0.76241,1.50,4.87
2017.03.09 09:18:52.190,0.76216,0.76235,1.75,1.00
2017.03.09 09:18:52.401,0.76215,0.76234,1.12,1.75
2017.03.09 09:18:53.378,0.76215,0.76235,1.50,1.37
2017.03.09 09:18:53.437,0.76217,0.76235,1.00,1.00
2017.03.09 09:18:54.705,0.76214,0.76236,3.00,2.62
2017.03.09 09:18:55.211,0.76214,0.76235,2.25,1.12
2017.03.09 09:18:57.025,0.76215,0.76235,1.37,2.62
2017.03.09 09:18:57.553,0.76215,0.76235,1.00,2.25
2017.03.09 09:18:58.574,0.76214,0.7623,1.12,1.00
2017.03.09 09:18:59.132,0.76215,0.76234,1.00,1.75
2017.03.09 09:18:59.634,0.76213,0.7623,1.37,1.00
2017.03.09 09:19:00.308,0.76215,0.76234,1.00,1.75
2017.03.09 09:19:00.460,0.76215,0.76235,1.87,1.37
2017.03.09 09:19:00.560,0.76215,0.76235,2.25,1.37
2017.03.09 09:19:00.769,0.76215,0.76235,1.87,1.37
2017.03.09 09:19:03.796,0.76215,0.76235,1.87,1.37
2017.03.09 09:19:04.143,0.76215,0.76235,1.50,1.75
2017.03.09 09:19:04.196,0.76216,0.76234,1.00,1.00
2017.03.09 09:19:04.816,0.76216,0.76234,1.50,1.00
2017.03.09 09:19:04.867,0.76216,0.76234,1.12,1.00
2017.03.09 09:19:05.409,0.76216,0.76234,1.37,1.00
2017.03.09 09:19:05.549,0.7622,0.76234,1.00,1.00
2017.03.09 09:19:05.801,0.7622,0.76237,1.12,1.00
2017.03.09 09:19:06.936,0.7622,0.76237,1.37,1.00
2017.03.09 09:19:08.603,0.7622,0.76237,1.00,1.00
2017.03.09 09:19:08.754,0.76219,0.76235,1.00,1.00
2017.03.09 09:19:09.056,0.76215,0.76233,1.37,1.00
2017.03.09 09:19:09.364,0.76215,0.76234,1.00,1.75
2017.03.09 09:19:09.979,0.76212,0.7623,1.50,1.12
2017.03.09 09:19:10.204,0.76211,0.7623,1.50,1.75
2017.03.09 09:19:11.017,0.7621,0.7623,3.37,1.12
2017.03.09 09:19:12.604,0.76211,0.7623,2.10,1.00
2017.03.09 09:19:13.406,0.7621,0.7623,2.25,1.12
2017.03.09 09:19:13.507,0.7621,0.76229,1.50,1.00
2017.03.09 09:19:13.827,0.7621,0.76226,1.50,1.00
2017.03.09 09:19:14.428,0.76209,0.76226,1.12,1.50
2017.03.09 09:19:19.941,0.7621,0.76228,1.00,1.75
2017.03.09 09:19:20.328,0.7621,0.76228,1.12,1.00
2017.03.09 09:19:20.430,0.7621,0.76229,1.00,1.75
2017.03.09 09:19:20.921,0.7621,0.76229,1.50,1.00
2017.03.09 09:19:21.022,0.7621,0.7623,1.12,1.75
2017.03.09 09:19:21.566,0.76209,0.76231,1.50,3.00
2017.03.09 09:19:25.557,0.76207,0.76225,2.25,1.00
2017.03.09 09:19:26.218,0.76209,0.76228,1.50,2.25
2017.03.09 09:19:27.535,0.7621,0.76229,1.00,1.75
2017.03.09 09:19:27.635,0.7621,0.76228,1.00,1.00
2017.03.09 09:19:28.241,0.76215,0.76228,1.00,1.00
2017.03.09 09:19:28.408,0.7621,0.76228,1.00,1.00
2017.03.09 09:19:28.815,0.76215,0.76228,1.00,1.00
2017.03.09 09:19:30.969,0.7621,0.76228,1.50,1.00
2017.03.09 09:19:33.051,0.76215,0.76228,1.00,1.00
2017.03.09 09:19:33.152,0.76215,0.76233,1.00,2.25
2017.03.09 09:19:33.253,0.7621,0.76231,2.05,1.50
2017.03.09 09:19:33.615,0.7621,0.76229,1.35,1.00
2017.03.09 09:19:35.985,0.76214,0.76232,1.12,1.87
2017.03.09 09:19:36.238,0.76212,0.7623,1.00,1.50
2017.03.09 09:19:36.340,0.7621,0.7623,1.50,2.25
2017.03.09 09:19:41.720,0.76215,0.7623,1.00,1.75
2017.03.09 09:19:42.253,0.76215,0.76233,1.00,1.75
2017.03.09 09:19:43.656,0.76215,0.76234,1.00,2.25
2017.03.09 09:19:45.522,0.76215,0.76233,1.00,2.25
2017.03.09 09:19:45.573,0.76215,0.76232,1.00,1.75
2017.03.09 09:19:46.160,0.76215,0.76232,1.00,1.75
2017.03.09 09:19:50.384,0.76215,0.76235,1.12,1.75
2017.03.09 09:19:58.839,0.76211,0.7623,1.12,1.00
2017.03.09 09:19:59.144,0.76215,0.76234,1.00,2.25
2017.03.09 09:19:59.245,0.76214,0.76234,1.50,2.25
2017.03.09 09:20:01.135,0.76214,0.76234,1.87,1.75
2017.03.09 09:20:01.654,0.76217,0.76234,1.00,1.75
2017.03.09 09:20:02.470,0.76216,0.76235,1.37,2.25
2017.03.09 09:20:03.562,0.76219,0.76236,1.37,2.25
2017.03.09 09:20:03.763,0.76219,0.76236,1.50,1.37
2017.03.09 09:20:03.814,0.76219,0.76236,1.00,1.37
2017.03.09 09:20:04.379,0.76219,0.76236,1.87,1.75
2017.03.09 09:20:04.686,0.76221,0.76238,1.37,1.50
2017.03.09 09:20:04.822,0.76221,0.76238,1.37,1.00
2017.03.09 09:20:04.981,0.7622,0.76239,1.87,1.50
2017.03.09 09:20:05.325,0.7622,0.76237,1.87,1.00
2017.03.09 09:20:05.682,0.7622,0.76237,1.87,1.37
2017.03.09 09:20:06.206,0.7622,0.76235,1.00,1.12
2017.03.09 09:20:06.309,0.76217,0.76235,1.37,1.12
2017.03.09 09:20:07.045,0.76216,0.76234,1.12,1.00
2017.03.09 09:20:07.784,0.76219,0.76238,1.00,2.25
2017.03.09 09:20:08.126,0.76219,0.76239,1.87,1.75
2017.03.09 09:20:09.242,0.76219,0.76236,1.50,1.00
2017.03.09 09:20:09.695,0.76218,0.76235,1.00,1.50
2017.03.09 09:20:09.808,0.76215,0.76235,1.87,1.87
2017.03.09 09:20:09.859,0.76215,0.76234,1.50,1.50
2017.03.09 09:20:10.010,0.76215,0.76234,1.00,2.25
2017.03.09 09:20:10.592,0.76214,0.7623,1.37,1.00
2017.03.09 09:20:11.096,0.76215,0.76235,1.50,1.75
2017.03.09 09:20:11.434,0.76215,0.76234,1.50,1.75
2017.03.09 09:20:12.073,0.76215,0.76234,1.50,1.75
2017.03.09 09:20:12.616,0.76215,0.76234,1.12,1.75
2017.03.09 09:20:14.476,0.76215,0.76229,1.12,1.00
2017.03.09 09:20:14.627,0.7621,0.76226,1.50,1.00
2017.03.09 09:20:14.798,0.76207,0.76226,1.12,2.25
2017.03.09 09:20:15.721,0.76205,0.76225,1.75,1.37
2017.03.09 09:20:16.255,0.76204,0.76226,3.00,1.87
2017.03.09 09:20:17.242,0.76209,0.76226,1.00,1.37
2017.03.09 09:20:17.545,0.76205,0.76222,1.75,1.50
2017.03.09 09:20:17.645,0.762,0.7622,3.37,1.00
2017.03.09 09:20:17.696,0.762,0.76218,3.37,1.00
2017.03.09 09:20:17.746,0.762,0.76218,1.00,1.75
2017.03.09 09:20:18.811,0.762,0.76218,1.12,1.50
2017.03.09 09:20:19.426,0.762,0.76218,1.50,1.50
2017.03.09 09:20:20.011,0.762,0.76217,1.50,1.00
2017.03.09 09:20:20.816,0.762,0.76218,1.50,1.50
2017.03.09 09:20:22.836,0.762,0.76218,1.50,1.50
2017.03.09 09:20:23.038,0.762,0.7622,2.25,1.50
2017.03.09 09:20:23.089,0.762,0.7622,2.25,1.87
2017.03.09 09:20:24.331,0.762,0.76219,1.75,1.00
2017.03.09 09:20:24.382,0.762,0.7622,1.75,1.87
2017.03.09 09:20:24.583,0.762,0.76217,1.00,1.12
2017.03.09 09:20:25.440,0.762,0.7622,1.37,2.62
2017.03.09 09:20:25.950,0.76201,0.76219,1.00,1.00
2017.03.09 09:20:26.001,0.76205,0.76219,1.00,1.00
2017.03.09 09:20:26.152,0.76205,0.76221,1.12,1.00
2017.03.09 09:20:26.354,0.762,0.7622,1.75,1.37
2017.03.09 09:20:26.605,0.762,0.76219,1.12,1.75
2017.03.09 09:20:28.252,0.762,0.76219,1.00,1.75
2017.03.09 09:20:28.446,0.762,0.76219,1.37,1.50
2017.03.09 09:20:28.497,0.762,0.76219,1.75,1.12
2017.03.09 09:20:29.066,0.76196,0.76215,5.25,1.00
2017.03.09 09:20:29.117,0.762,0.76219,1.75,1.12
2017.03.09 09:20:29.167,0.76196,0.76215,2.25,1.00
2017.03.09 09:20:29.702,0.76199,0.76217,1.12,1.00
2017.03.09 09:20:30.216,0.76199,0.76217,1.00,1.50
2017.03.09 09:20:31.279,0.762,0.7622,1.50,2.25
2017.03.09 09:20:31.379,0.762,0.7622,2.25,1.75
2017.03.09 09:20:31.480,0.76203,0.7622,1.00,1.00
2017.03.09 09:20:31.581,0.76201,0.76219,1.00,1.00
2017.03.09 09:20:32.265,0.76201,0.76216,1.00,1.00
2017.03.09 09:20:33.549,0.762,0.76218,1.37,1.12
2017.03.09 09:20:33.600,0.76199,0.76215,1.00,1.00
2017.03.09 09:20:33.801,0.76196,0.76215,1.00,1.50
2017.03.09 09:20:34.312,0.76196,0.76215,1.00,1.87
2017.03.09 09:20:34.889,0.76195,0.76215,1.50,1.75
2017.03.09 09:20:35.320,0.762,0.76216,1.00,1.50
2017.03.09 09:20:35.370,0.76199,0.76216,1.37,1.00
2017.03.09 09:20:35.471,0.76199,0.76218,1.75,1.00
2017.03.09 09:20:36.482,0.76199,0.76216,1.00,1.00
2017.03.09 09:20:36.808,0.762,0.76217,1.00,1.75
2017.03.09 09:20:37.110,0.762,0.7622,1.00,2.25
2017.03.09 09:20:37.856,0.762,0.76217,1.37,1.00
2017.03.09 09:20:38.372,0.762,0.76216,1.00,1.12
2017.03.09 09:20:38.753,0.762,0.76216,1.00,1.37
2017.03.09 09:20:39.180,0.76197,0.76215,1.00,1.75
2017.03.09 09:20:39.362,0.762,0.76217,1.00,1.75
2017.03.09 09:20:40.352,0.76199,0.76218,1.00,2.25
2017.03.09 09:20:41.469,0.762,0.76218,1.00,2.25
2017.03.09 09:20:42.229,0.76195,0.76216,2.25,2.25
2017.03.09 09:20:42.279,0.76195,0.76216,1.75,1.50
2017.03.09 09:20:42.330,0.76195,0.76216,1.75,1.87
2017.03.09 09:20:42.510,0.762,0.76216,1.00,1.75
2017.03.09 09:20:42.560,0.76196,0.76215,1.00,2.25
2017.03.09 09:20:43.065,0.76196,0.76216,1.37,1.50
2017.03.09 09:20:43.116,0.76196,0.76216,1.87,1.12
2017.03.09 09:20:43.573,0.76196,0.76216,1.12,1.37
2017.03.09 09:20:43.933,0.76199,0.76216,1.00,1.00
2017.03.09 09:20:44.702,0.76199,0.76215,1.00,1.00
2017.03.09 09:20:44.862,0.76199,0.76217,1.87,1.00
2017.03.09 09:20:44.912,0.76199,0.76215,1.12,1.00
2017.03.09 09:20:44.963,0.762,0.76217,1.12,1.00
2017.03.09 09:20:45.013,0.76199,0.76215,1.37,1.00
2017.03.09 09:20:45.114,0.762,0.7622,1.50,1.50
2017.03.09 09:20:46.460,0.762,0.7622,1.75,1.50
2017.03.09 09:20:49.584,0.762,0.7622,1.87,1.37
2017.03.09 09:20:49.906,0.76199,0.76221,1.50,2.25
2017.03.09 09:20:50.330,0.762,0.76221,1.37,1.75
2017.03.09 09:20:54.600,0.762,0.7622,1.50,1.37
2017.03.09 09:20:54.701,0.76202,0.7622,1.00,1.87
2017.03.09 09:20:54.802,0.76199,0.76219,1.37,1.12
2017.03.09 09:20:54.852,0.76197,0.76216,1.12,1.87
2017.03.09 09:20:54.953,0.762,0.76217,1.00,1.75
2017.03.09 09:20:55.054,0.762,0.76217,1.12,1.12
2017.03.09 09:20:55.104,0.762,0.76217,1.37,1.00
2017.03.09 09:20:55.155,0.762,0.7622,1.75,1.50
2017.03.09 09:20:56.460,0.76198,0.76215,1.12,1.00
2017.03.09 09:20:56.511,0.76201,0.7622,1.00,2.25
2017.03.09 09:20:56.713,0.76197,0.76215,1.12,1.00
2017.03.09 09:20:57.220,0.76195,0.76215,2.62,1.00
2017.03.09 09:20:58.118,0.76195,0.76215,2.25,1.12
2017.03.09 09:20:58.658,0.76197,0.76215,1.00,1.50
2017.03.09 09:21:00.617,0.762,0.76215,1.00,1.00
2017.03.09 09:21:00.919,0.76204,0.76224,1.50,1.75
2017.03.09 09:21:01.020,0.76204,0.76224,1.87,1.00
2017.03.09 09:21:02.208,0.76205,0.76225,1.50,1.12
2017.03.09 09:21:05.915,0.76205,0.76226,2.10,1.37
2017.03.09 09:21:06.440,0.76205,0.76225,2.85,1.75
2017.03.09 09:21:07.330,0.76205,0.76225,3.22,1.50
2017.03.09 09:21:07.835,0.76205,0.76225,2.85,1.50
2017.03.09 09:21:10.317,0.76207,0.76226,1.00,1.50
2017.03.09 09:21:10.730,0.76205,0.76226,1.87,1.50
2017.03.09 09:21:10.831,0.76207,0.76226,1.00,1.50
2017.03.09 09:21:16.128,0.76205,0.76225,1.75,1.50
2017.03.09 09:21:16.457,0.76205,0.76225,1.50,1.75
2017.03.09 09:21:16.870,0.76204,0.76224,1.00,1.50
2017.03.09 09:21:17.363,0.76205,0.76225,1.37,1.75
2017.03.09 09:21:17.515,0.76205,0.76225,1.50,1.75
2017.03.09 09:21:17.566,0.76205,0.76225,1.00,1.75
2017.03.09 09:21:18.072,0.762,0.7622,2.25,1.37
2017.03.09 09:21:18.379,0.762,0.76217,1.12,1.75
2017.03.09 09:21:18.429,0.762,0.76216,1.12,1.00
2017.03.09 09:21:19.415,0.762,0.76218,1.87,1.00
2017.03.09 09:21:20.031,0.76201,0.7622,1.37,1.50
2017.03.09 09:21:20.158,0.76201,0.7622,1.12,1.50
2017.03.09 09:21:20.695,0.762,0.7622,1.50,1.75
2017.03.09 09:21:21.524,0.76205,0.76222,1.37,3.37
2017.03.09 09:21:21.625,0.76205,0.76225,1.37,3.37
2017.03.09 09:21:21.726,0.76205,0.76223,1.37,1.00
2017.03.09 09:21:22.723,0.76206,0.76223,1.37,1.00
2017.03.09 09:21:23.261,0.76206,0.76223,1.00,1.00
2017.03.09 09:21:23.815,0.76205,0.76223,1.12,1.00
2017.03.09 09:21:26.481,0.76205,0.76225,1.37,1.50
2017.03.09 09:21:26.532,0.76205,0.76225,1.50,1.12
2017.03.09 09:21:28.655,0.76205,0.76225,1.87,1.12
2017.03.09 09:21:35.746,0.76205,0.76225,1.75,2.25
2017.03.09 09:21:35.947,0.76202,0.7622,1.00,1.50
2017.03.09 09:21:36.188,0.76201,0.7622,2.25,1.12
2017.03.09 09:21:36.491,0.76204,0.76224,1.00,3.75
2017.03.09 09:21:37.105,0.762,0.7622,3.37,1.50
2017.03.09 09:21:37.311,0.76205,0.76222,1.00,1.12
2017.03.09 09:21:38.003,0.76201,0.7622,1.50,1.50
2017.03.09 09:21:38.057,0.76204,0.76224,1.37,2.62
2017.03.09 09:21:38.107,0.76204,0.76225,1.37,1.75
2017.03.09 09:21:38.258,0.76204,0.76225,1.87,1.50
2017.03.09 09:21:41.638,0.76203,0.7622,1.12,1.00
2017.03.09 09:21:41.688,0.76204,0.7622,1.00,2.25
2017.03.09 09:21:41.789,0.762,0.76218,1.87,1.50
2017.03.09 09:21:41.840,0.762,0.76217,1.00,1.00
2017.03.09 09:21:41.891,0.762,0.76218,1.00,1.87
2017.03.09 09:21:41.941,0.76198,0.76215,1.00,1.50
2017.03.09 09:21:42.484,0.76197,0.76215,1.12,1.50
2017.03.09 09:21:43.074,0.76197,0.76215,1.37,1.50
2017.03.09 09:21:43.376,0.76196,0.76215,1.00,2.25
2017.03.09 09:21:45.545,0.76193,0.76209,1.50,1.60
2017.03.09 09:21:45.756,0.76191,0.76208,1.12,1.50
2017.03.09 09:21:45.806,0.76191,0.76208,1.00,1.50
2017.03.09 09:21:46.396,0.7619,0.76208,1.50,1.75
2017.03.09 09:21:50.207,0.7619,0.76207,1.00,1.12
2017.03.09 09:21:51.712,0.7619,0.7621,1.00,3.37
2017.03.09 09:21:51.813,0.7619,0.7621,1.12,2.25
2017.03.09 09:21:55.684,0.76189,0.7621,2.62,1.75
2017.03.09 09:21:56.194,0.7619,0.7621,1.00,2.25
2017.03.09 09:21:57.160,0.76189,0.7621,1.12,1.75
2017.03.09 09:21:57.716,0.7619,0.7621,1.00,2.25
2017.03.09 09:21:58.650,0.76189,0.7621,1.12,1.75
2017.03.09 09:21:59.729,0.7619,0.7621,1.00,2.25
2017.03.09 09:22:00.418,0.7619,0.7621,1.50,1.75
2017.03.09 09:22:03.021,0.76194,0.76212,1.00,1.75
2017.03.09 09:22:03.324,0.76194,0.76214,1.00,1.87
2017.03.09 09:22:04.557,0.76195,0.76215,1.00,4.12
2017.03.09 09:22:04.657,0.76195,0.76215,1.00,1.75
2017.03.09 09:22:05.041,0.76195,0.76215,1.50,1.75
2017.03.09 09:22:06.359,0.76195,0.76215,1.87,1.75
2017.03.09 09:22:06.410,0.762,0.76218,1.00,1.75
2017.03.09 09:22:06.561,0.762,0.76219,1.00,1.75
2017.03.09 09:22:07.039,0.762,0.76219,1.75,1.37
2017.03.09 09:22:10.261,0.76205,0.76221,1.00,1.75
2017.03.09 09:22:10.463,0.76205,0.76225,1.00,2.62
2017.03.09 09:22:10.564,0.76205,0.76225,1.37,1.87
2017.03.09 09:22:10.765,0.76203,0.7622,1.87,1.00
2017.03.09 09:22:11.816,0.76205,0.76225,1.37,1.87
2017.03.09 09:22:15.005,0.76208,0.76225,1.00,1.37
2017.03.09 09:22:15.157,0.7621,0.7623,2.62,2.25
2017.03.09 09:22:15.466,0.76212,0.7623,1.00,1.00
2017.03.09 09:22:16.088,0.76215,0.76231,1.00,1.00
2017.03.09 09:22:16.263,0.76212,0.7623,1.00,1.00
2017.03.09 09:22:16.483,0.76213,0.7623,1.87,1.00
2017.03.09 09:22:17.353,0.76212,0.7623,1.75,1.00
2017.03.09 09:22:18.529,0.76215,0.76233,1.00,1.75
2017.03.09 09:22:18.787,0.76212,0.76231,1.75,1.00
2017.03.09 09:22:18.837,0.76214,0.76235,1.75,1.87
2017.03.09 09:22:19.246,0.76214,0.76231,1.75,1.00
2017.03.09 09:22:19.498,0.76215,0.76231,1.00,1.50
2017.03.09 09:22:19.548,0.7621,0.7623,1.75,1.87
2017.03.09 09:22:21.751,0.76206,0.76225,3.37,1.00
2017.03.09 09:22:21.852,0.76206,0.76225,1.75,1.12
2017.03.09 09:22:21.953,0.76206,0.76225,1.50,1.50
2017.03.09 09:22:26.331,0.76206,0.76225,1.50,1.12
2017.03.09 09:22:26.583,0.76212,0.76229,1.00,1.00
2017.03.09 09:22:26.785,0.76209,0.76229,1.50,1.87
2017.03.09 09:22:27.634,0.76206,0.76226,1.75,1.37
2017.03.09 09:22:27.896,0.76205,0.76225,1.50,1.75
2017.03.09 09:22:29.113,0.7621,0.76226,1.00,1.75
2017.03.09 09:22:29.632,0.76205,0.76225,1.50,1.75
2017.03.09 09:22:29.986,0.76205,0.76225,1.00,1.75
2017.03.09 09:22:31.101,0.76205,0.76225,1.50,2.25
2017.03.09 09:22:31.252,0.76205,0.76226,1.37,1.50
2017.03.09 09:22:31.303,0.76204,0.76226,1.87,1.50
2017.03.09 09:22:31.613,0.76205,0.76225,1.12,1.75
2017.03.09 09:22:36.964,0.76203,0.7622,1.75,1.00
2017.03.09 09:22:37.116,0.76203,0.7622,1.12,1.00
2017.03.09 09:22:37.365,0.76205,0.76225,1.12,1.75
2017.03.09 09:22:37.885,0.76205,0.76223,1.00,1.87
2017.03.09 09:22:38.193,0.762,0.76219,1.75,1.50
2017.03.09 09:22:38.294,0.762,0.76218,1.12,1.75
2017.03.09 09:22:38.599,0.762,0.7622,1.87,1.75
2017.03.09 09:22:38.792,0.762,0.76219,1.00,1.75
2017.03.09 09:22:39.112,0.762,0.76219,1.75,2.25
2017.03.09 09:22:39.414,0.76199,0.76218,1.00,2.25
