2017.03.15 20:00:00.116,0.77048,0.77077,1.00,1.00
2017.03.15 20:00:00.318,0.77048,0.77075,1.00,1.00
2017.03.15 20:00:00.641,0.77046,0.77076,1.35,1.50
2017.03.15 20:00:00.692,0.77048,0.77076,2.25,1.50
2017.03.15 20:00:01.000,0.7705,0.77075,1.00,1.00
2017.03.15 20:00:01.213,0.77045,0.77073,1.00,1.00
2017.03.15 20:00:01.409,0.77042,0.77072,1.00,1.00
2017.03.15 20:00:01.460,0.77043,0.77069,1.00,1.00
2017.03.15 20:00:01.510,0.77041,0.77069,1.00,1.00
2017.03.15 20:00:01.694,0.77043,0.7707,1.00,1.00
2017.03.15 20:00:02.019,0.77045,0.7707,1.00,1.00
2017.03.15 20:00:02.417,0.77042,0.7707,1.00,1.50
2017.03.15 20:00:02.469,0.77043,0.77067,1.00,1.00
2017.03.15 20:00:02.621,0.77047,0.77075,1.00,2.25
2017.03.15 20:00:02.825,0.77046,0.77071,1.00,1.00
2017.03.15 20:00:03.228,0.77044,0.77072,1.00,1.50
2017.03.15 20:00:03.330,0.77043,0.7707,1.00,1.00
2017.03.15 20:00:03.633,0.77047,0.77068,1.00,1.00
2017.03.15 20:00:03.734,0.77047,0.7707,1.00,1.00
2017.03.15 20:00:04.160,0.77048,0.77076,1.00,1.00
2017.03.15 20:00:04.210,0.7704,0.77077,2.25,1.00
2017.03.15 20:00:04.462,0.77046,0.77075,1.00,1.00
2017.03.15 20:00:04.512,0.77046,0.77072,1.00,1.00
2017.03.15 20:00:04.613,0.77042,0.7707,1.00,1.00
2017.03.15 20:00:04.664,0.7704,0.7707,1.00,1.00
2017.03.15 20:00:04.714,0.77039,0.7707,1.75,1.00
2017.03.15 20:00:04.765,0.77039,0.7707,1.75,1.00
2017.03.15 20:00:04.866,0.77037,0.77071,1.00,1.00
2017.03.15 20:00:05.062,0.77047,0.77075,1.00,2.25
2017.03.15 20:00:05.163,0.77045,0.77075,1.00,1.50
2017.03.15 20:00:05.314,0.7704,0.77075,1.00,1.50
2017.03.15 20:00:05.516,0.77039,0.77073,1.00,1.00
2017.03.15 20:00:05.818,0.77037,0.77071,1.12,1.00
2017.03.15 20:00:05.869,0.77038,0.77073,1.12,1.00
2017.03.15 20:00:06.430,0.7704,0.77074,1.12,1.00
2017.03.15 20:00:06.585,0.7705,0.77074,1.00,1.00
2017.03.15 20:00:06.787,0.7705,0.77076,1.00,1.00
2017.03.15 20:00:07.005,0.7704,0.77075,1.87,1.00
2017.03.15 20:00:07.356,0.7704,0.77071,1.12,1.00
2017.03.15 20:00:07.507,0.77043,0.77068,1.00,1.00
2017.03.15 20:00:07.709,0.77045,0.77068,1.00,1.00
2017.03.15 20:00:07.759,0.77043,0.77068,1.00,1.00
2017.03.15 20:00:08.018,0.77045,0.77074,1.00,1.00
2017.03.15 20:00:08.119,0.77046,0.77077,1.00,1.00
2017.03.15 20:00:08.169,0.77044,0.77075,1.50,1.00
2017.03.15 20:00:08.478,0.77044,0.77072,1.00,1.00
2017.03.15 20:00:08.780,0.77051,0.77075,1.00,1.00
2017.03.15 20:00:08.831,0.77051,0.7708,1.00,1.00
2017.03.15 20:00:09.003,0.77054,0.77083,1.00,1.37
2017.03.15 20:00:09.319,0.77054,0.77079,1.00,1.00
2017.03.15 20:00:09.370,0.77052,0.7708,1.00,1.00
2017.03.15 20:00:09.942,0.77053,0.7708,1.00,1.00
2017.03.15 20:00:10.468,0.77053,0.77079,1.00,1.00
2017.03.15 20:00:10.519,0.77056,0.77078,1.00,1.00
2017.03.15 20:00:10.670,0.7706,0.77089,1.00,2.62
2017.03.15 20:00:10.771,0.77058,0.77084,1.00,1.00
2017.03.15 20:00:11.073,0.7706,0.77084,1.00,1.00
2017.03.15 20:00:11.576,0.77056,0.77085,1.75,1.00
2017.03.15 20:00:12.091,0.77055,0.77085,1.75,1.00
2017.03.15 20:00:12.644,0.77056,0.77092,1.75,1.75
2017.03.15 20:00:12.988,0.77058,0.77088,1.75,1.50
2017.03.15 20:00:13.762,0.77058,0.77087,2.62,1.00
2017.03.15 20:00:16.263,0.77061,0.77089,1.12,1.00
2017.03.15 20:00:16.789,0.77067,0.77089,1.00,1.00
2017.03.15 20:00:17.159,0.7706,0.77096,1.75,2.25
2017.03.15 20:00:17.637,0.77066,0.77095,1.00,1.75
2017.03.15 20:00:18.140,0.77061,0.77089,1.75,1.00
2017.03.15 20:00:18.191,0.77061,0.77096,1.75,1.75
2017.03.15 20:00:18.380,0.77061,0.77096,1.75,1.75
2017.03.15 20:00:18.431,0.7706,0.77096,1.75,1.50
2017.03.15 20:00:18.900,0.77059,0.77096,1.00,1.00
2017.03.15 20:00:18.951,0.77059,0.77091,1.00,1.00
2017.03.15 20:00:19.272,0.77065,0.77091,1.00,1.00
2017.03.15 20:00:19.751,0.77068,0.77091,1.75,1.00
2017.03.15 20:00:19.802,0.77072,0.77093,1.00,1.00
2017.03.15 20:00:19.903,0.77068,0.771,1.75,1.37
2017.03.15 20:00:19.953,0.77068,0.77097,1.75,1.00
2017.03.15 20:00:20.543,0.77068,0.77097,1.75,1.00
2017.03.15 20:00:21.124,0.77068,0.77096,1.75,1.00
2017.03.15 20:00:21.402,0.77067,0.77097,2.25,1.12
2017.03.15 20:00:21.614,0.77068,0.77097,1.75,1.50
2017.03.15 20:00:22.065,0.77067,0.77097,2.25,1.50
2017.03.15 20:00:22.674,0.77068,0.77096,1.75,1.50
2017.03.15 20:00:22.994,0.77068,0.77096,1.00,1.00
2017.03.15 20:00:23.709,0.77067,0.77096,1.50,1.00
2017.03.15 20:00:23.876,0.77069,0.77099,1.00,1.87
2017.03.15 20:00:24.244,0.7707,0.77099,1.37,2.25
2017.03.15 20:00:24.552,0.77069,0.77095,1.75,1.00
2017.03.15 20:00:24.653,0.7707,0.77097,1.75,1.00
2017.03.15 20:00:25.458,0.77069,0.77096,1.75,1.00
2017.03.15 20:00:25.558,0.77068,0.77098,3.00,1.00
2017.03.15 20:00:26.003,0.77068,0.77098,1.75,1.50
2017.03.15 20:00:26.155,0.77067,0.77099,1.50,2.25
2017.03.15 20:00:26.357,0.77067,0.77102,1.75,1.75
2017.03.15 20:00:26.559,0.77069,0.77098,1.00,1.00
2017.03.15 20:00:26.786,0.77066,0.77093,2.25,1.00
2017.03.15 20:00:26.887,0.77066,0.77093,1.12,1.12
2017.03.15 20:00:26.988,0.7707,0.77093,1.00,1.12
2017.03.15 20:00:27.039,0.77066,0.77093,1.12,1.12
2017.03.15 20:00:27.090,0.77068,0.77094,1.00,1.00
2017.03.15 20:00:27.470,0.77063,0.77091,1.00,1.75
2017.03.15 20:00:27.521,0.77061,0.7709,1.00,1.75
2017.03.15 20:00:27.572,0.77059,0.77089,1.00,1.75
2017.03.15 20:00:27.672,0.77061,0.77084,1.00,1.00
2017.03.15 20:00:27.773,0.77053,0.77084,2.25,1.00
2017.03.15 20:00:27.925,0.77056,0.77082,1.37,1.00
2017.03.15 20:00:28.227,0.77056,0.77089,1.75,1.75
2017.03.15 20:00:28.393,0.77056,0.77088,1.75,1.00
2017.03.15 20:00:28.444,0.77062,0.77094,1.37,1.75
2017.03.15 20:00:28.545,0.77065,0.7709,1.00,1.00
2017.03.15 20:00:28.668,0.77062,0.77089,1.37,1.00
2017.03.15 20:00:29.027,0.77062,0.77094,1.37,1.75
2017.03.15 20:00:29.293,0.77056,0.77093,1.50,3.37
2017.03.15 20:00:29.595,0.77052,0.77089,1.75,1.75
2017.03.15 20:00:29.897,0.77062,0.77087,2.62,1.00
2017.03.15 20:00:29.998,0.77054,0.77086,1.75,1.00
2017.03.15 20:00:30.099,0.77062,0.77089,1.00,1.00
2017.03.15 20:00:30.223,0.77054,0.77089,1.75,1.50
2017.03.15 20:00:30.474,0.77054,0.77089,1.75,1.75
2017.03.15 20:00:30.678,0.77053,0.77089,2.25,2.25
2017.03.15 20:00:31.027,0.77049,0.77088,1.75,3.37
2017.03.15 20:00:31.329,0.77049,0.77075,1.75,1.00
2017.03.15 20:00:31.379,0.7704,0.77074,1.75,1.75
2017.03.15 20:00:31.530,0.77046,0.77078,1.00,1.75
2017.03.15 20:00:31.581,0.77045,0.77076,1.87,1.75
2017.03.15 20:00:31.682,0.77045,0.77072,1.75,1.00
2017.03.15 20:00:31.897,0.77045,0.77074,1.75,1.00
2017.03.15 20:00:31.998,0.77043,0.77073,1.50,1.00
2017.03.15 20:00:32.249,0.77046,0.77077,1.00,1.00
2017.03.15 20:00:32.300,0.77046,0.77075,1.00,1.00
2017.03.15 20:00:32.400,0.77044,0.77074,1.00,1.00
2017.03.15 20:00:32.551,0.77043,0.77078,1.00,1.00
2017.03.15 20:00:32.652,0.77043,0.7708,1.00,1.00
2017.03.15 20:00:32.819,0.77044,0.77072,1.00,1.00
2017.03.15 20:00:33.174,0.77046,0.77073,1.00,1.00
2017.03.15 20:00:33.376,0.77046,0.77078,1.50,1.00
2017.03.15 20:00:33.477,0.77048,0.77078,1.00,1.00
2017.03.15 20:00:33.578,0.77046,0.77078,2.25,1.00
2017.03.15 20:00:34.011,0.77046,0.77082,1.00,1.00
2017.03.15 20:00:34.168,0.77048,0.77082,1.00,1.00
2017.03.15 20:00:34.470,0.77051,0.77087,1.00,2.25
2017.03.15 20:00:34.521,0.77054,0.77087,1.00,1.00
2017.03.15 20:00:34.571,0.77052,0.77086,1.00,1.50
2017.03.15 20:00:34.731,0.77055,0.77086,1.00,1.00
2017.03.15 20:00:35.042,0.77052,0.77081,1.00,1.00
2017.03.15 20:00:35.206,0.77052,0.77083,1.50,1.00
2017.03.15 20:00:35.602,0.7705,0.77081,1.00,1.00
2017.03.15 20:00:35.670,0.77042,0.77078,1.00,1.50
2017.03.15 20:00:35.720,0.7704,0.77076,1.37,1.12
2017.03.15 20:00:36.022,0.77037,0.77065,1.00,1.00
2017.03.15 20:00:36.360,0.77048,0.77074,1.00,1.00
2017.03.15 20:00:36.411,0.77039,0.77074,1.00,1.00
2017.03.15 20:00:36.461,0.77043,0.77078,1.00,1.00
2017.03.15 20:00:36.764,0.77042,0.77075,1.00,1.00
2017.03.15 20:00:37.073,0.77048,0.7707,1.00,1.00
2017.03.15 20:00:37.174,0.7705,0.77083,1.00,1.12
2017.03.15 20:00:37.327,0.77052,0.77084,1.00,1.37
2017.03.15 20:00:37.377,0.77051,0.77086,1.50,1.00
2017.03.15 20:00:37.428,0.77053,0.77086,1.00,1.00
2017.03.15 20:00:37.479,0.77053,0.77088,1.00,1.00
2017.03.15 20:00:37.763,0.77048,0.77084,1.00,1.12
2017.03.15 20:00:37.814,0.77047,0.77082,1.00,1.00
2017.03.15 20:00:38.116,0.77042,0.77074,1.50,1.00
2017.03.15 20:00:38.268,0.77043,0.77077,1.00,1.00
2017.03.15 20:00:38.369,0.77046,0.77077,1.00,1.00
2017.03.15 20:00:38.420,0.77048,0.77082,1.00,1.00
2017.03.15 20:00:38.521,0.77049,0.77077,1.00,1.00
2017.03.15 20:00:38.678,0.77051,0.77084,1.00,1.00
2017.03.15 20:00:38.779,0.77051,0.77086,1.00,1.00
2017.03.15 20:00:38.880,0.77051,0.77083,1.00,1.00
2017.03.15 20:00:39.182,0.77048,0.77081,1.00,1.00
2017.03.15 20:00:39.283,0.77048,0.77083,1.00,1.00
2017.03.15 20:00:39.434,0.77045,0.77081,1.00,1.00
2017.03.15 20:00:39.592,0.77047,0.77082,1.00,1.00
2017.03.15 20:00:39.902,0.77049,0.77082,1.00,1.00
2017.03.15 20:00:40.405,0.77051,0.77086,1.00,1.00
2017.03.15 20:00:40.624,0.7705,0.77082,1.50,1.00
2017.03.15 20:00:40.675,0.7705,0.77086,1.50,1.00
2017.03.15 20:00:41.304,0.7705,0.77085,1.50,1.00
2017.03.15 20:00:41.455,0.77051,0.77087,1.00,1.50
2017.03.15 20:00:41.619,0.77054,0.77091,1.00,1.00
2017.03.15 20:00:41.751,0.77056,0.77092,1.00,1.00
2017.03.15 20:00:42.053,0.77051,0.77086,1.75,1.00
2017.03.15 20:00:42.402,0.77052,0.77089,1.50,1.00
2017.03.15 20:00:42.503,0.77055,0.77089,1.00,1.00
2017.03.15 20:00:42.553,0.77054,0.77091,1.00,1.00
2017.03.15 20:00:42.654,0.77056,0.77092,1.00,2.25
2017.03.15 20:00:42.705,0.77053,0.77091,1.50,1.00
2017.03.15 20:00:42.856,0.77053,0.77087,1.00,1.00
2017.03.15 20:00:43.007,0.7705,0.77085,1.12,1.00
2017.03.15 20:00:43.166,0.7705,0.77083,1.37,1.00
2017.03.15 20:00:43.374,0.77052,0.77086,1.12,1.00
2017.03.15 20:00:43.424,0.77053,0.77088,1.37,1.50
2017.03.15 20:00:43.726,0.7705,0.77087,1.50,1.00
2017.03.15 20:00:43.777,0.7705,0.77087,1.00,1.00
2017.03.15 20:00:43.828,0.77049,0.77085,1.50,1.00
2017.03.15 20:00:44.069,0.77051,0.7709,1.00,1.00
2017.03.15 20:00:44.120,0.77055,0.77091,1.00,1.00
2017.03.15 20:00:44.422,0.7705,0.77086,1.00,1.00
2017.03.15 20:00:44.726,0.77051,0.77082,1.00,1.00
2017.03.15 20:00:45.028,0.77053,0.77084,1.00,1.50
2017.03.15 20:00:45.362,0.77055,0.77087,1.00,1.00
2017.03.15 20:00:45.413,0.77055,0.77082,1.00,1.00
2017.03.15 20:00:45.564,0.77054,0.77084,1.00,1.00
2017.03.15 20:00:45.615,0.77054,0.77086,1.00,1.00
2017.03.15 20:00:45.768,0.77052,0.77086,1.00,1.00
2017.03.15 20:00:45.869,0.7705,0.77086,1.00,1.00
2017.03.15 20:00:46.072,0.7705,0.77082,1.00,1.00
2017.03.15 20:00:46.173,0.77048,0.77085,1.50,1.00
2017.03.15 20:00:46.224,0.7705,0.77086,1.50,1.00
2017.03.15 20:00:46.526,0.7705,0.77082,1.00,1.00
2017.03.15 20:00:46.611,0.77047,0.7708,1.00,1.00
2017.03.15 20:00:46.823,0.77051,0.77083,1.00,1.00
2017.03.15 20:00:46.874,0.77048,0.77083,1.00,1.00
2017.03.15 20:00:46.976,0.77044,0.77081,1.00,1.00
2017.03.15 20:00:47.353,0.77048,0.7708,1.00,1.00
2017.03.15 20:00:47.453,0.77048,0.77082,1.00,1.00
2017.03.15 20:00:47.806,0.77046,0.77084,1.00,1.00
2017.03.15 20:00:47.856,0.7705,0.77085,1.00,1.00
2017.03.15 20:00:47.907,0.7705,0.77087,1.00,1.00
2017.03.15 20:00:47.958,0.77047,0.77083,1.00,1.50
2017.03.15 20:00:48.009,0.77048,0.77085,1.00,1.00
2017.03.15 20:00:48.060,0.7705,0.77087,1.00,1.00
2017.03.15 20:00:48.162,0.77044,0.77083,1.00,1.00
2017.03.15 20:00:48.213,0.77048,0.77081,1.00,1.00
2017.03.15 20:00:48.264,0.77046,0.77083,1.00,1.00
2017.03.15 20:00:48.315,0.77047,0.77085,1.00,1.00
2017.03.15 20:00:48.416,0.77046,0.77079,1.00,1.00
2017.03.15 20:00:48.766,0.77043,0.77075,1.75,1.00
2017.03.15 20:00:49.383,0.77041,0.77074,1.75,1.75
2017.03.15 20:00:49.484,0.77039,0.77072,1.75,1.50
2017.03.15 20:00:49.534,0.77039,0.77069,2.25,1.00
2017.03.15 20:00:49.686,0.77037,0.77068,1.75,1.00
2017.03.15 20:00:49.736,0.77038,0.77068,1.00,1.75
2017.03.15 20:00:50.265,0.77034,0.77068,1.75,2.25
2017.03.15 20:00:50.567,0.77041,0.7707,1.00,1.00
2017.03.15 20:00:50.668,0.77034,0.77069,2.25,2.25
2017.03.15 20:00:50.870,0.77037,0.77066,1.00,1.00
2017.03.15 20:00:51.170,0.7703,0.77065,1.75,1.50
2017.03.15 20:00:51.386,0.77032,0.77065,1.37,1.75
2017.03.15 20:00:51.538,0.77032,0.77061,1.37,1.00
2017.03.15 20:00:52.094,0.77028,0.77063,1.75,2.25
2017.03.15 20:00:52.296,0.77033,0.77063,1.50,1.12
2017.03.15 20:00:52.347,0.7703,0.77058,1.75,1.00
2017.03.15 20:00:52.448,0.7703,0.77059,1.12,3.00
2017.03.15 20:00:52.498,0.77024,0.77054,1.75,1.00
2017.03.15 20:00:52.549,0.77024,0.77058,1.75,1.75
2017.03.15 20:00:52.601,0.77024,0.77056,2.25,1.12
2017.03.15 20:00:52.651,0.77024,0.77054,1.37,1.75
2017.03.15 20:00:52.702,0.77022,0.77057,2.25,2.25
2017.03.15 20:00:52.867,0.77024,0.77052,1.75,1.00
2017.03.15 20:00:52.970,0.77026,0.77055,1.00,1.75
2017.03.15 20:00:53.071,0.77026,0.77055,1.00,1.00
2017.03.15 20:00:53.222,0.7703,0.77057,1.37,1.00
2017.03.15 20:00:53.524,0.77037,0.77063,1.50,1.75
2017.03.15 20:00:53.734,0.7704,0.77067,2.25,1.37
2017.03.15 20:00:53.835,0.7704,0.7707,1.00,2.25
2017.03.15 20:00:53.885,0.77037,0.77068,1.75,1.50
2017.03.15 20:00:54.187,0.77032,0.77063,1.75,1.75
2017.03.15 20:00:54.238,0.77031,0.7706,1.75,1.00
2017.03.15 20:00:54.753,0.77033,0.77059,1.50,1.50
2017.03.15 20:00:54.804,0.77022,0.77058,3.37,1.12
2017.03.15 20:00:54.855,0.77022,0.77056,2.62,1.00
2017.03.15 20:00:54.905,0.77023,0.7706,1.75,1.75
2017.03.15 20:00:55.056,0.77032,0.77061,1.00,1.00
2017.03.15 20:00:55.207,0.77032,0.77058,1.00,1.00
2017.03.15 20:00:55.258,0.77032,0.7706,1.00,1.00
2017.03.15 20:00:55.360,0.77027,0.77065,1.75,1.75
2017.03.15 20:00:55.699,0.77022,0.77058,1.75,1.75
2017.03.15 20:00:56.001,0.77022,0.77058,1.75,1.50
2017.03.15 20:00:56.313,0.77026,0.77062,2.25,1.75
2017.03.15 20:00:56.364,0.77029,0.77059,1.00,1.00
2017.03.15 20:00:56.586,0.77026,0.77065,2.25,1.75
2017.03.15 20:00:56.989,0.77027,0.77063,1.75,1.50
2017.03.15 20:00:57.291,0.77024,0.77061,3.37,1.50
2017.03.15 20:00:57.625,0.77029,0.77065,3.37,1.12
2017.03.15 20:00:57.927,0.7704,0.77066,1.00,1.00
2017.03.15 20:00:57.977,0.77035,0.77072,1.12,3.37
2017.03.15 20:00:58.179,0.77027,0.77064,1.75,1.75
2017.03.15 20:00:58.581,0.77032,0.77066,2.62,1.00
2017.03.15 20:00:58.631,0.77032,0.77068,3.37,1.12
2017.03.15 20:00:58.983,0.77035,0.77065,1.00,1.00
2017.03.15 20:00:59.084,0.77032,0.77068,1.75,1.75
2017.03.15 20:00:59.443,0.77027,0.77064,1.75,1.75
2017.03.15 20:00:59.712,0.77022,0.77058,1.75,1.37
2017.03.15 20:00:59.813,0.7702,0.77057,1.75,1.75
2017.03.15 20:01:00.115,0.77024,0.77053,1.00,1.00
2017.03.15 20:01:00.630,0.77018,0.77057,1.75,1.75
2017.03.15 20:01:00.681,0.77022,0.77058,1.75,1.75
2017.03.15 20:01:00.985,0.77022,0.77054,1.75,1.37
2017.03.15 20:01:01.374,0.77022,0.77056,2.62,1.00
2017.03.15 20:01:01.475,0.77023,0.77059,1.50,1.75
2017.03.15 20:01:01.611,0.7702,0.77057,1.75,1.75
2017.03.15 20:01:01.930,0.77019,0.77055,1.75,2.25
2017.03.15 20:01:02.515,0.77021,0.77056,2.25,1.75
2017.03.15 20:01:02.617,0.77021,0.77056,3.00,1.75
2017.03.15 20:01:02.919,0.77022,0.77052,1.50,1.75
2017.03.15 20:01:03.083,0.77018,0.77052,1.50,1.75
2017.03.15 20:01:03.134,0.77023,0.77055,1.00,1.75
2017.03.15 20:01:03.184,0.77022,0.77055,1.75,1.50
2017.03.15 20:01:04.110,0.77021,0.77054,1.75,1.75
2017.03.15 20:01:04.212,0.77021,0.77051,3.75,1.00
2017.03.15 20:01:04.312,0.77022,0.77057,1.75,1.75
2017.03.15 20:01:04.615,0.77024,0.77059,1.75,1.75
2017.03.15 20:01:04.917,0.77021,0.77054,1.75,3.00
2017.03.15 20:01:05.905,0.77025,0.77053,1.00,1.00
2017.03.15 20:01:06.207,0.77022,0.77053,1.75,1.00
2017.03.15 20:01:06.409,0.77029,0.77059,1.00,1.00
2017.03.15 20:01:06.459,0.77029,0.77056,1.00,1.00
2017.03.15 20:01:06.767,0.77018,0.77042,1.00,1.00
2017.03.15 20:01:06.818,0.77016,0.77049,2.25,1.50
2017.03.15 20:01:06.919,0.77015,0.77045,1.00,1.00
2017.03.15 20:01:06.969,0.7702,0.77045,1.00,1.00
2017.03.15 20:01:07.020,0.77017,0.7705,1.50,2.25
2017.03.15 20:01:07.192,0.7702,0.7705,1.00,1.75
2017.03.15 20:01:07.293,0.77022,0.77051,1.00,1.00
2017.03.15 20:01:07.729,0.77024,0.77056,1.37,1.75
2017.03.15 20:01:08.233,0.77024,0.77058,1.50,2.25
2017.03.15 20:01:08.534,0.77022,0.77056,1.50,1.75
2017.03.15 20:01:08.704,0.77024,0.77058,2.25,2.25
2017.03.15 20:01:09.207,0.7703,0.77068,1.75,1.75
2017.03.15 20:01:09.308,0.77029,0.77062,1.00,2.62
2017.03.15 20:01:09.359,0.77024,0.77061,1.75,1.75
2017.03.15 20:01:09.504,0.77024,0.77061,1.75,1.75
2017.03.15 20:01:09.554,0.77031,0.77067,1.75,1.75
2017.03.15 20:01:09.605,0.77031,0.77067,1.50,1.75
2017.03.15 20:01:10.582,0.77027,0.77057,1.75,1.00
2017.03.15 20:01:10.632,0.77025,0.77055,1.12,1.75
2017.03.15 20:01:10.683,0.77031,0.77061,1.00,2.62
2017.03.15 20:01:10.834,0.77027,0.7706,2.25,1.00
2017.03.15 20:01:10.941,0.7703,0.7706,1.00,1.50
2017.03.15 20:01:11.519,0.77027,0.77061,1.50,1.75
2017.03.15 20:01:12.400,0.77029,0.77061,1.50,1.50
2017.03.15 20:01:12.450,0.77029,0.77061,1.75,1.50
2017.03.15 20:01:12.944,0.77032,0.77063,1.75,1.12
2017.03.15 20:01:13.477,0.7703,0.7706,1.75,1.00
2017.03.15 20:01:13.528,0.7703,0.7706,1.00,1.75
2017.03.15 20:01:13.783,0.7703,0.77057,1.00,1.75
2017.03.15 20:01:13.834,0.77024,0.77057,1.75,1.75
2017.03.15 20:01:13.935,0.77024,0.77057,1.50,1.75
2017.03.15 20:01:14.238,0.77025,0.77057,1.75,1.50
2017.03.15 20:01:15.110,0.77027,0.7706,1.75,1.75
2017.03.15 20:01:15.160,0.77027,0.7706,1.75,1.75
2017.03.15 20:01:15.363,0.77033,0.77059,1.00,1.50
2017.03.15 20:01:15.464,0.77035,0.77066,1.12,1.75
2017.03.15 20:01:15.515,0.77037,0.77064,1.37,1.37
2017.03.15 20:01:15.616,0.77038,0.77067,1.75,1.00
2017.03.15 20:01:15.717,0.77042,0.77076,1.37,2.62
2017.03.15 20:01:15.770,0.77041,0.77074,1.75,1.75
2017.03.15 20:01:15.822,0.77042,0.77075,1.75,1.50
2017.03.15 20:01:16.423,0.77042,0.77072,1.75,1.00
2017.03.15 20:01:16.725,0.7704,0.7707,1.75,1.00
2017.03.15 20:01:17.283,0.77039,0.77073,1.75,1.75
2017.03.15 20:01:17.931,0.77042,0.77076,1.12,2.25
2017.03.15 20:01:20.853,0.77046,0.77076,1.00,2.25
2017.03.15 20:01:21.076,0.77046,0.77076,1.37,1.37
2017.03.15 20:01:21.177,0.77049,0.77076,1.00,1.37
2017.03.15 20:01:21.329,0.77046,0.77076,1.37,1.37
2017.03.15 20:01:21.480,0.77046,0.77076,1.00,1.75
2017.03.15 20:01:22.022,0.77044,0.77076,2.62,2.25
2017.03.15 20:01:22.637,0.77051,0.7708,1.00,1.75
2017.03.15 20:01:22.738,0.77051,0.77081,1.00,1.75
2017.03.15 20:01:22.840,0.77052,0.77081,1.75,1.00
2017.03.15 20:01:23.092,0.77053,0.77079,1.12,1.00
2017.03.15 20:01:23.142,0.77048,0.77079,1.12,1.75
2017.03.15 20:01:23.294,0.77046,0.77078,1.12,2.25
2017.03.15 20:01:23.573,0.77046,0.77075,1.00,1.75
2017.03.15 20:01:23.624,0.77044,0.77077,1.12,2.25
2017.03.15 20:01:23.674,0.77044,0.77077,1.75,2.25
2017.03.15 20:01:23.926,0.77044,0.77077,1.00,2.25
2017.03.15 20:01:23.977,0.77043,0.77077,1.75,1.75
2017.03.15 20:01:24.297,0.77048,0.77078,1.00,2.25
2017.03.15 20:01:24.348,0.77048,0.77078,1.12,2.25
2017.03.15 20:01:24.656,0.77049,0.7708,1.50,1.75
2017.03.15 20:01:24.807,0.77047,0.77079,1.50,1.75
2017.03.15 20:01:25.345,0.77047,0.77076,1.12,1.75
2017.03.15 20:01:25.647,0.77048,0.77078,1.87,1.50
2017.03.15 20:01:26.089,0.77048,0.7708,1.87,1.75
2017.03.15 20:01:26.291,0.77056,0.77087,1.50,1.75
2017.03.15 20:01:26.392,0.77056,0.77087,2.25,1.75
2017.03.15 20:01:26.493,0.77058,0.77092,1.87,1.75
2017.03.15 20:01:26.597,0.77065,0.77095,1.50,2.62
2017.03.15 20:01:26.648,0.77068,0.77098,1.12,1.12
2017.03.15 20:01:26.750,0.7707,0.77103,1.87,1.75
2017.03.15 20:01:27.060,0.77072,0.77105,1.37,1.75
2017.03.15 20:01:27.161,0.77074,0.77103,1.37,1.12
2017.03.15 20:01:27.362,0.77074,0.77104,1.00,1.75
2017.03.15 20:01:27.665,0.77071,0.77102,1.75,2.25
2017.03.15 20:01:28.183,0.77069,0.77099,1.35,1.12
2017.03.15 20:01:28.384,0.77068,0.77099,1.35,1.50
2017.03.15 20:01:28.695,0.77066,0.77097,1.67,1.37
2017.03.15 20:01:28.897,0.7707,0.771,1.00,1.00
2017.03.15 20:01:28.948,0.77067,0.771,1.75,1.30
2017.03.15 20:01:29.415,0.77073,0.77103,1.00,1.00
2017.03.15 20:01:29.466,0.77073,0.771,1.00,1.00
2017.03.15 20:01:29.517,0.77074,0.77103,1.37,1.00
2017.03.15 20:01:29.668,0.77077,0.77105,3.75,1.00
2017.03.15 20:01:29.920,0.77077,0.77108,2.62,1.75
2017.03.15 20:01:29.970,0.77077,0.77107,3.00,1.00
2017.03.15 20:01:30.272,0.77084,0.77113,1.00,1.75
2017.03.15 20:01:30.479,0.77084,0.77116,1.75,1.50
2017.03.15 20:01:30.530,0.77084,0.77111,1.75,1.00
2017.03.15 20:01:30.630,0.77083,0.77115,1.75,1.87
2017.03.15 20:01:30.781,0.77081,0.77116,1.75,3.00
2017.03.15 20:01:31.321,0.77081,0.77112,1.75,1.00
2017.03.15 20:01:31.572,0.77082,0.77112,1.00,1.00
2017.03.15 20:01:32.143,0.77082,0.77111,1.00,1.00
2017.03.15 20:01:32.463,0.77076,0.77108,1.75,1.50
2017.03.15 20:01:32.513,0.77076,0.77107,2.25,1.00
2017.03.15 20:01:32.664,0.77081,0.77112,1.75,1.50
2017.03.15 20:01:33.653,0.77081,0.77109,1.75,1.00
2017.03.15 20:01:33.905,0.77079,0.77108,1.75,1.00
2017.03.15 20:01:34.320,0.77084,0.77107,1.00,1.00
2017.03.15 20:01:34.371,0.77091,0.77119,1.00,1.37
2017.03.15 20:01:34.472,0.77091,0.77116,1.00,1.12
2017.03.15 20:01:34.573,0.77093,0.7712,1.00,1.00
2017.03.15 20:01:34.674,0.77093,0.77122,1.00,1.12
2017.03.15 20:01:35.537,0.77093,0.77121,1.00,1.00
2017.03.15 20:01:36.259,0.77098,0.77122,1.50,1.00
2017.03.15 20:01:36.410,0.77102,0.77133,1.00,2.62
2017.03.15 20:01:36.461,0.77103,0.77133,1.37,2.25
2017.03.15 20:01:36.562,0.77109,0.77142,1.50,2.62
2017.03.15 20:01:36.663,0.77117,0.77141,1.00,2.25
2017.03.15 20:01:36.714,0.77117,0.77142,1.00,1.37
2017.03.15 20:01:36.765,0.77117,0.77134,1.00,1.37
2017.03.15 20:01:36.925,0.77112,0.77135,1.12,1.00
2017.03.15 20:01:36.975,0.77107,0.77134,1.12,2.25
2017.03.15 20:01:37.127,0.77102,0.7713,1.75,1.00
2017.03.15 20:01:37.177,0.77102,0.77125,1.50,1.00
2017.03.15 20:01:37.228,0.77096,0.77125,1.75,1.00
2017.03.15 20:01:37.278,0.77094,0.77123,3.37,1.00
2017.03.15 20:01:37.329,0.77096,0.77126,1.75,1.12
2017.03.15 20:01:37.379,0.77097,0.77125,1.87,1.37
2017.03.15 20:01:37.631,0.77102,0.77132,1.00,1.75
2017.03.15 20:01:37.732,0.77102,0.7713,1.00,1.75
2017.03.15 20:01:37.833,0.77098,0.77125,1.00,1.00
2017.03.15 20:01:38.182,0.77095,0.77125,1.00,1.00
2017.03.15 20:01:38.283,0.77089,0.77126,1.50,1.75
2017.03.15 20:01:38.434,0.771,0.77132,1.00,1.75
2017.03.15 20:01:38.585,0.77095,0.7713,1.37,1.75
2017.03.15 20:01:38.686,0.77089,0.77122,1.50,1.50
2017.03.15 20:01:38.736,0.7709,0.77127,1.12,3.37
2017.03.15 20:01:38.837,0.77098,0.77127,1.00,2.62
2017.03.15 20:01:38.937,0.77098,0.77131,1.12,1.75
2017.03.15 20:01:39.093,0.771,0.77131,1.12,1.75
2017.03.15 20:01:39.144,0.77095,0.77131,1.75,1.75
2017.03.15 20:01:39.194,0.771,0.77134,1.00,2.62
2017.03.15 20:01:39.245,0.77103,0.77137,1.00,2.62
2017.03.15 20:01:39.295,0.77104,0.77137,1.37,2.25
2017.03.15 20:01:39.346,0.77101,0.77139,3.37,2.25
2017.03.15 20:01:39.396,0.77101,0.77139,3.37,1.75
2017.03.15 20:01:39.447,0.77104,0.77134,1.00,1.00
2017.03.15 20:01:39.497,0.77097,0.77133,1.75,1.37
2017.03.15 20:01:39.548,0.77097,0.77131,1.75,1.75
2017.03.15 20:01:39.814,0.77097,0.7713,1.37,1.75
2017.03.15 20:01:41.101,0.77096,0.77132,1.75,1.75
2017.03.15 20:01:41.151,0.77096,0.77129,1.75,1.00
2017.03.15 20:01:41.202,0.77096,0.77132,1.75,1.75
2017.03.15 20:01:41.303,0.77101,0.77137,1.37,1.75
2017.03.15 20:01:41.631,0.77097,0.77131,1.75,1.75
2017.03.15 20:01:41.836,0.77098,0.77131,1.75,1.12
2017.03.15 20:01:42.138,0.77098,0.77132,1.50,1.75
2017.03.15 20:01:42.239,0.771,0.7713,1.00,1.00
2017.03.15 20:01:42.889,0.77096,0.77133,1.75,2.25
2017.03.15 20:01:43.248,0.77103,0.77135,1.00,2.62
2017.03.15 20:01:43.349,0.77105,0.77138,2.62,1.00
2017.03.15 20:01:43.399,0.77105,0.77138,3.00,1.37
2017.03.15 20:01:43.450,0.77106,0.77141,1.00,2.62
2017.03.15 20:01:43.551,0.77107,0.77144,1.12,3.37
2017.03.15 20:01:43.658,0.77109,0.77144,1.00,2.62
2017.03.15 20:01:43.709,0.77109,0.77145,1.75,1.75
2017.03.15 20:01:43.759,0.77108,0.7714,1.75,1.00
2017.03.15 20:01:43.922,0.77108,0.7714,1.75,1.37
2017.03.15 20:01:44.023,0.77108,0.77144,1.12,1.75
2017.03.15 20:01:44.617,0.77105,0.77137,1.12,2.25
2017.03.15 20:01:44.818,0.77106,0.77136,1.00,1.50
2017.03.15 20:01:46.113,0.77106,0.77136,1.37,1.00
2017.03.15 20:01:46.164,0.77106,0.77136,1.12,1.00
2017.03.15 20:01:46.711,0.77107,0.77136,1.00,1.00
2017.03.15 20:01:47.285,0.77106,0.77135,1.50,1.00
2017.03.15 20:01:47.386,0.77105,0.77135,1.37,1.50
2017.03.15 20:01:47.437,0.77101,0.77134,1.50,1.87
2017.03.15 20:01:47.739,0.771,0.7713,1.00,1.00
2017.03.15 20:01:48.545,0.77102,0.77132,1.00,1.00
2017.03.15 20:01:48.848,0.77103,0.77133,1.75,1.00
2017.03.15 20:01:49.150,0.77108,0.77137,1.50,1.00
2017.03.15 20:01:49.201,0.77107,0.77137,2.25,1.12
2017.03.15 20:01:49.302,0.77107,0.77138,1.75,1.00
2017.03.15 20:01:49.482,0.77107,0.77138,1.75,1.37
2017.03.15 20:01:49.533,0.77107,0.77133,1.75,1.00
2017.03.15 20:01:49.752,0.77102,0.77134,1.75,1.75
2017.03.15 20:01:49.803,0.77105,0.77141,3.00,2.62
2017.03.15 20:01:49.854,0.77106,0.77142,1.00,4.50
2017.03.15 20:01:49.905,0.77106,0.77142,1.37,4.50
2017.03.15 20:01:49.955,0.77106,0.77142,1.12,3.37
2017.03.15 20:01:50.107,0.77109,0.77139,1.12,1.37
2017.03.15 20:01:50.258,0.77104,0.77137,2.25,1.75
2017.03.15 20:01:50.309,0.77104,0.77137,1.87,1.75
2017.03.15 20:01:50.561,0.77115,0.77148,1.75,1.75
2017.03.15 20:01:50.718,0.77116,0.77139,2.25,1.00
2017.03.15 20:01:51.023,0.77108,0.7714,1.87,2.62
2017.03.15 20:01:51.074,0.77109,0.77138,1.12,1.75
2017.03.15 20:01:51.175,0.77107,0.77138,1.37,1.37
2017.03.15 20:01:51.225,0.77105,0.77138,1.37,1.87
2017.03.15 20:01:51.276,0.77105,0.77138,1.00,1.87
2017.03.15 20:01:51.680,0.77105,0.77138,1.50,1.75
2017.03.15 20:01:51.799,0.77105,0.77136,1.00,1.75
2017.03.15 20:01:51.901,0.77103,0.77131,1.37,1.37
2017.03.15 20:01:52.002,0.77102,0.77128,1.00,1.50
2017.03.15 20:01:52.053,0.771,0.77135,2.25,3.37
2017.03.15 20:01:52.104,0.77103,0.77132,1.00,1.75
2017.03.15 20:01:52.154,0.77101,0.77132,1.00,1.75
2017.03.15 20:01:52.356,0.77099,0.77129,1.75,1.12
2017.03.15 20:01:52.457,0.77099,0.77129,1.12,1.75
2017.03.15 20:01:52.837,0.77099,0.77133,1.75,1.75
2017.03.15 20:01:53.140,0.77099,0.77129,1.00,1.75
2017.03.15 20:01:54.048,0.771,0.77131,1.37,1.75
2017.03.15 20:01:54.149,0.77103,0.77135,1.12,2.25
2017.03.15 20:01:54.200,0.77106,0.77135,1.00,1.75
2017.03.15 20:01:54.251,0.77106,0.77135,1.00,1.75
2017.03.15 20:01:54.848,0.77106,0.77131,1.00,1.00
2017.03.15 20:01:55.056,0.77109,0.77135,1.00,1.00
2017.03.15 20:01:55.662,0.77109,0.77139,1.50,1.75
2017.03.15 20:01:56.383,0.7711,0.77141,1.00,1.75
2017.03.15 20:01:56.484,0.7711,0.77139,1.12,1.50
2017.03.15 20:01:56.609,0.7711,0.7714,1.00,1.75
2017.03.15 20:01:57.158,0.77109,0.77136,1.50,1.50
2017.03.15 20:01:57.505,0.77109,0.77136,1.50,1.75
2017.03.15 20:01:58.010,0.7711,0.77133,1.00,1.75
2017.03.15 20:01:58.513,0.7711,0.77138,1.12,2.62
2017.03.15 20:01:58.564,0.7711,0.77139,1.50,1.75
2017.03.15 20:01:58.667,0.7711,0.77139,1.50,1.75
2017.03.15 20:01:58.717,0.7711,0.77139,1.75,1.75
2017.03.15 20:01:59.343,0.77112,0.77141,1.75,1.75
2017.03.15 20:01:59.444,0.77112,0.77141,1.75,1.75
2017.03.15 20:02:00.032,0.77116,0.77141,2.10,1.37
2017.03.15 20:02:00.183,0.77117,0.77146,1.75,1.75
2017.03.15 20:02:00.284,0.77117,0.7714,1.00,1.00
2017.03.15 20:02:00.586,0.77123,0.77138,1.00,1.00
2017.03.15 20:02:00.900,0.7712,0.77131,1.00,1.00
2017.03.15 20:02:01.051,0.77118,0.7713,1.12,1.00
2017.03.15 20:02:01.102,0.77109,0.77132,1.75,1.00
2017.03.15 20:02:01.652,0.7711,0.77137,1.37,1.75
2017.03.15 20:02:01.836,0.7711,0.77136,3.00,1.37
2017.03.15 20:02:01.886,0.7711,0.77136,3.00,1.00
2017.03.15 20:02:02.546,0.77112,0.77137,1.75,1.00
2017.03.15 20:02:02.804,0.77115,0.77136,1.75,1.00
2017.03.15 20:02:03.152,0.77115,0.77136,1.75,1.00
2017.03.15 20:02:03.466,0.77119,0.77139,1.50,1.00
2017.03.15 20:02:03.517,0.77119,0.77137,2.25,1.00
2017.03.15 20:02:03.924,0.77113,0.77138,2.25,1.37
2017.03.15 20:02:03.975,0.7711,0.77138,1.75,1.75
2017.03.15 20:02:04.076,0.7711,0.77138,2.25,1.12
2017.03.15 20:02:05.002,0.7711,0.77137,3.00,1.00
2017.03.15 20:02:05.407,0.7711,0.77139,2.62,2.25
2017.03.15 20:02:05.627,0.77112,0.77139,1.50,1.50
2017.03.15 20:02:07.946,0.7711,0.77136,1.87,1.00
2017.03.15 20:02:07.996,0.7711,0.77136,1.87,1.12
2017.03.15 20:02:08.047,0.7711,0.77136,1.50,1.50
2017.03.15 20:02:08.381,0.77109,0.77134,1.00,1.00
2017.03.15 20:02:08.970,0.77109,0.77134,1.37,1.00
2017.03.15 20:02:10.328,0.77109,0.77134,1.00,1.00
2017.03.15 20:02:10.815,0.77101,0.77129,2.62,1.50
2017.03.15 20:02:11.016,0.771,0.77129,1.75,1.75
2017.03.15 20:02:11.281,0.77106,0.77133,1.00,2.62
2017.03.15 20:02:11.432,0.77107,0.77136,1.50,1.75
2017.03.15 20:02:11.483,0.77107,0.77136,1.75,1.75
2017.03.15 20:02:11.605,0.77107,0.77136,1.75,1.75
2017.03.15 20:02:12.548,0.77111,0.77135,1.00,1.75
2017.03.15 20:02:12.599,0.77114,0.77139,1.00,3.37
2017.03.15 20:02:12.700,0.77114,0.77138,1.12,3.00
2017.03.15 20:02:12.901,0.77113,0.77139,1.00,1.75
2017.03.15 20:02:13.266,0.77117,0.77144,1.75,1.00
2017.03.15 20:02:13.317,0.77115,0.77142,1.67,1.75
2017.03.15 20:02:13.940,0.77112,0.77142,2.85,1.75
2017.03.15 20:02:14.262,0.77113,0.77142,1.75,1.75
2017.03.15 20:02:14.564,0.77108,0.77136,1.75,1.37
2017.03.15 20:02:14.715,0.77109,0.77134,1.00,1.00
2017.03.15 20:02:14.866,0.77105,0.77135,2.25,2.25
2017.03.15 20:02:14.916,0.77107,0.77132,1.00,1.00
2017.03.15 20:02:16.818,0.77103,0.77133,3.00,1.75
2017.03.15 20:02:17.435,0.77103,0.77133,3.00,1.75
2017.03.15 20:02:19.349,0.7711,0.77133,1.00,1.75
2017.03.15 20:02:19.450,0.77105,0.77133,1.50,1.75
2017.03.15 20:02:21.919,0.77107,0.77133,1.00,1.75
2017.03.15 20:02:21.969,0.77111,0.77135,1.00,2.25
2017.03.15 20:02:22.170,0.77113,0.77137,1.00,1.00
2017.03.15 20:02:22.221,0.77114,0.7714,1.37,1.75
2017.03.15 20:02:22.372,0.77113,0.77141,1.12,2.25
2017.03.15 20:02:22.474,0.77114,0.77139,1.00,1.00
2017.03.15 20:02:24.090,0.77114,0.77137,1.00,1.00
2017.03.15 20:02:24.191,0.77112,0.77137,1.00,1.00
2017.03.15 20:02:24.338,0.7711,0.77135,1.00,1.00
2017.03.15 20:02:26.513,0.7711,0.77134,1.00,1.00
2017.03.15 20:02:26.819,0.77102,0.7713,3.00,1.87
2017.03.15 20:02:27.240,0.77102,0.7713,1.75,1.75
2017.03.15 20:02:27.760,0.77102,0.7713,1.37,1.75
2017.03.15 20:02:28.151,0.77102,0.77128,1.37,1.00
2017.03.15 20:02:28.969,0.77101,0.77129,1.75,1.12
2017.03.15 20:02:29.272,0.771,0.77127,1.87,1.87
2017.03.15 20:02:29.657,0.77096,0.77125,2.25,1.75
2017.03.15 20:02:30.230,0.77095,0.77125,3.00,2.25
2017.03.15 20:02:31.672,0.77098,0.77125,1.37,1.50
2017.03.15 20:02:31.722,0.77098,0.77125,1.75,1.12
2017.03.15 20:02:31.773,0.77098,0.77125,1.75,1.37
2017.03.15 20:02:32.298,0.77095,0.77125,3.00,1.75
2017.03.15 20:02:33.143,0.77096,0.77125,1.75,1.75
2017.03.15 20:02:33.706,0.77096,0.77125,1.75,1.75
2017.03.15 20:02:34.144,0.77102,0.77125,1.00,1.75
2017.03.15 20:02:34.396,0.77104,0.77131,1.75,1.12
2017.03.15 20:02:34.497,0.77101,0.77129,3.37,1.00
2017.03.15 20:02:34.547,0.77106,0.77129,1.00,1.12
2017.03.15 20:02:34.648,0.77099,0.77129,2.25,1.37
2017.03.15 20:02:34.699,0.77099,0.7713,1.75,1.75
2017.03.15 20:02:35.462,0.77101,0.77128,1.50,1.00
2017.03.15 20:02:36.637,0.771,0.77127,2.25,1.00
2017.03.15 20:02:36.940,0.77103,0.7713,1.50,1.75
2017.03.15 20:02:36.990,0.77105,0.7713,1.00,1.50
2017.03.15 20:02:37.532,0.77106,0.7713,1.00,1.00
2017.03.15 20:02:37.583,0.77105,0.77135,1.50,1.75
2017.03.15 20:02:37.633,0.77105,0.77135,1.75,1.75
2017.03.15 20:02:41.194,0.77105,0.77134,1.75,1.75
2017.03.15 20:02:41.800,0.77107,0.77133,1.12,1.75
2017.03.15 20:02:43.879,0.77105,0.77131,1.37,2.25
2017.03.15 20:02:44.399,0.77105,0.77128,1.00,1.00
2017.03.15 20:02:44.856,0.77105,0.77131,1.87,3.37
2017.03.15 20:02:45.451,0.77107,0.77132,1.37,2.25
2017.03.15 20:02:45.552,0.77105,0.77131,1.87,1.50
2017.03.15 20:02:47.017,0.77104,0.7713,2.62,1.87
2017.03.15 20:02:47.299,0.77104,0.77129,2.62,1.00
2017.03.15 20:02:47.807,0.77106,0.77131,1.00,2.62
2017.03.15 20:02:48.110,0.77106,0.7713,1.12,3.37
2017.03.15 20:02:48.210,0.77108,0.77132,1.75,1.37
2017.03.15 20:02:48.311,0.77105,0.77129,1.75,1.00
2017.03.15 20:02:48.462,0.77107,0.77133,1.12,2.62
2017.03.15 20:02:48.513,0.77107,0.77134,1.87,1.37
2017.03.15 20:02:48.731,0.77108,0.77131,1.75,1.50
2017.03.15 20:02:49.329,0.77105,0.77131,2.62,1.12
2017.03.15 20:02:49.435,0.77107,0.77132,1.12,1.00
2017.03.15 20:02:49.587,0.77108,0.77133,1.12,2.62
2017.03.15 20:02:52.319,0.77106,0.77131,1.37,1.75
2017.03.15 20:02:52.427,0.77108,0.77131,1.00,1.75
2017.03.15 20:02:54.516,0.77102,0.77126,3.00,1.00
2017.03.15 20:02:54.667,0.77102,0.77125,1.12,1.12
2017.03.15 20:02:56.412,0.77102,0.77126,1.37,1.50
2017.03.15 20:02:56.932,0.77101,0.77126,1.37,1.75
2017.03.15 20:02:57.234,0.77107,0.77131,1.75,1.00
2017.03.15 20:02:59.961,0.7711,0.77133,1.75,1.50
2017.03.15 20:03:00.455,0.77107,0.7713,2.25,1.00
2017.03.15 20:03:00.507,0.77107,0.77133,2.25,1.50
2017.03.15 20:03:00.658,0.77108,0.77131,1.12,1.00
2017.03.15 20:03:00.960,0.77108,0.77131,1.00,1.50
2017.03.15 20:03:01.162,0.77106,0.77129,1.12,1.00
2017.03.15 20:03:01.263,0.77107,0.77127,1.00,2.62
2017.03.15 20:03:01.363,0.77108,0.77132,1.75,1.00
2017.03.15 20:03:01.522,0.77105,0.77132,3.00,1.75
2017.03.15 20:03:02.025,0.77105,0.77132,1.75,1.87
2017.03.15 20:03:02.538,0.77105,0.7713,1.75,1.50
2017.03.15 20:03:02.589,0.77106,0.7713,1.12,1.12
2017.03.15 20:03:02.740,0.77106,0.77133,2.25,1.87
2017.03.15 20:03:02.873,0.77108,0.77132,1.37,1.75
2017.03.15 20:03:06.435,0.77103,0.7713,2.62,1.50
2017.03.15 20:03:06.586,0.77101,0.77126,1.87,1.00
2017.03.15 20:03:06.813,0.77101,0.77126,1.37,1.37
2017.03.15 20:03:07.066,0.77114,0.77137,1.50,1.00
2017.03.15 20:03:07.116,0.77117,0.77137,1.00,1.00
2017.03.15 20:03:07.322,0.77115,0.77142,2.62,1.00
2017.03.15 20:03:07.473,0.77114,0.7714,1.75,1.75
2017.03.15 20:03:07.675,0.77118,0.77141,1.00,1.00
2017.03.15 20:03:09.176,0.77118,0.7714,1.00,1.00
2017.03.15 20:03:09.683,0.77114,0.77141,1.75,1.50
2017.03.15 20:03:10.348,0.77114,0.77141,1.75,1.50
2017.03.15 20:03:10.449,0.77114,0.77138,1.75,1.00
2017.03.15 20:03:10.777,0.77117,0.7714,1.75,1.00
2017.03.15 20:03:11.480,0.77118,0.7714,1.12,1.00
2017.03.15 20:03:11.642,0.77116,0.7714,1.37,1.75
2017.03.15 20:03:12.769,0.77111,0.77136,1.75,1.00
2017.03.15 20:03:13.110,0.77109,0.77133,1.00,1.75
2017.03.15 20:03:14.673,0.77108,0.77133,1.12,1.75
2017.03.15 20:03:15.198,0.77109,0.77133,1.00,2.25
2017.03.15 20:03:15.501,0.77107,0.77133,3.37,1.75
2017.03.15 20:03:15.602,0.77107,0.77133,1.75,1.75
2017.03.15 20:03:15.703,0.77107,0.77133,1.75,1.50
2017.03.15 20:03:16.648,0.77107,0.77133,1.75,1.12
2017.03.15 20:03:17.820,0.77106,0.77133,2.62,2.25
2017.03.15 20:03:17.871,0.77105,0.77133,1.75,2.25
2017.03.15 20:03:17.972,0.77107,0.7713,1.00,1.00
2017.03.15 20:03:22.294,0.77105,0.77132,4.12,1.87
2017.03.15 20:03:22.449,0.77108,0.77132,1.12,1.12
2017.03.15 20:03:26.067,0.77105,0.77131,3.37,1.00
2017.03.15 20:03:26.168,0.77102,0.77129,2.62,1.12
2017.03.15 20:03:26.312,0.77104,0.77127,1.00,1.00
2017.03.15 20:03:26.513,0.77104,0.77125,1.00,1.00
2017.03.15 20:03:27.074,0.771,0.77124,2.25,1.50
2017.03.15 20:03:27.866,0.771,0.77125,3.00,1.87
2017.03.15 20:03:28.244,0.77103,0.77126,1.75,1.12
2017.03.15 20:03:28.556,0.771,0.77121,1.50,1.00
2017.03.15 20:03:29.226,0.771,0.77122,1.50,1.00
2017.03.15 20:03:29.609,0.77097,0.77122,1.87,1.12
2017.03.15 20:03:33.956,0.77093,0.77117,2.62,1.75
2017.03.15 20:03:34.056,0.77091,0.77114,2.62,1.00
2017.03.15 20:03:34.308,0.77096,0.77115,1.50,1.00
2017.03.15 20:03:34.386,0.77096,0.77121,1.75,1.37
2017.03.15 20:03:34.860,0.77096,0.77119,1.00,1.00
2017.03.15 20:03:35.011,0.771,0.77119,1.00,1.00
2017.03.15 20:03:35.162,0.771,0.77124,1.50,1.87
2017.03.15 20:03:36.523,0.77097,0.77121,1.75,1.00
2017.03.15 20:03:36.622,0.77097,0.77122,1.75,1.87
2017.03.15 20:03:36.773,0.77096,0.77121,1.75,1.12
2017.03.15 20:03:36.873,0.77096,0.77121,1.75,1.37
2017.03.15 20:03:37.025,0.771,0.77124,1.75,1.87
2017.03.15 20:03:37.563,0.77099,0.77124,1.75,1.87
2017.03.15 20:03:37.822,0.77101,0.77122,1.00,1.00
2017.03.15 20:03:38.607,0.77098,0.77123,1.75,1.87
2017.03.15 20:03:38.957,0.77108,0.77133,1.50,1.75
2017.03.15 20:03:39.008,0.77108,0.77132,1.37,1.12
2017.03.15 20:03:39.058,0.77107,0.77132,1.75,1.00
2017.03.15 20:03:39.109,0.77107,0.77133,2.62,1.87
2017.03.15 20:03:39.260,0.77104,0.7713,1.75,1.12
2017.03.15 20:03:39.527,0.77106,0.7713,1.12,1.12
2017.03.15 20:03:39.726,0.77105,0.7713,1.75,1.87
2017.03.15 20:03:39.782,0.77105,0.7713,1.75,1.12
2017.03.15 20:03:40.335,0.77105,0.77128,1.75,1.00
2017.03.15 20:03:40.537,0.77102,0.77124,1.00,1.00
2017.03.15 20:03:40.603,0.771,0.77124,1.75,1.37
2017.03.15 20:03:40.918,0.77098,0.77124,1.50,2.25
2017.03.15 20:03:40.969,0.77098,0.77121,1.50,1.00
2017.03.15 20:03:41.019,0.771,0.77121,1.00,1.00
2017.03.15 20:03:41.700,0.771,0.77124,1.50,1.75
2017.03.15 20:03:42.046,0.77105,0.77133,2.25,1.75
2017.03.15 20:03:42.415,0.77108,0.77132,1.37,2.25
2017.03.15 20:03:42.930,0.77107,0.77132,1.75,1.75
2017.03.15 20:03:43.233,0.77108,0.77133,1.75,1.50
2017.03.15 20:03:44.758,0.77107,0.77133,1.50,2.25
2017.03.15 20:03:45.719,0.77107,0.7713,1.50,2.25
2017.03.15 20:03:45.867,0.77105,0.77128,1.87,1.00
2017.03.15 20:03:46.228,0.77105,0.7713,1.37,1.75
2017.03.15 20:03:47.939,0.77107,0.77129,1.00,1.50
2017.03.15 20:03:48.162,0.77104,0.77126,1.37,1.00
2017.03.15 20:03:48.212,0.77108,0.77129,1.00,1.75
2017.03.15 20:03:48.514,0.77114,0.77134,1.00,1.12
2017.03.15 20:03:48.565,0.77111,0.77134,1.37,1.12
2017.03.15 20:03:49.110,0.77108,0.77132,1.75,1.37
2017.03.15 20:03:50.561,0.77114,0.77133,1.00,1.75
2017.03.15 20:03:51.198,0.77113,0.77133,1.00,1.12
2017.03.15 20:03:52.426,0.77114,0.77133,1.00,1.12
2017.03.15 20:03:55.491,0.77113,0.77132,1.00,1.50
2017.03.15 20:03:55.542,0.77111,0.77131,1.00,1.12
2017.03.15 20:03:55.690,0.77118,0.77132,1.00,1.37
2017.03.15 20:03:55.742,0.77113,0.77132,1.00,1.37
2017.03.15 20:03:55.842,0.77113,0.77132,1.00,1.37
2017.03.15 20:03:55.893,0.77113,0.77132,1.00,1.00
2017.03.15 20:03:56.322,0.7711,0.77134,1.37,1.12
2017.03.15 20:03:57.952,0.7711,0.7713,1.37,1.00
2017.03.15 20:03:58.304,0.77112,0.77135,1.12,1.87
2017.03.15 20:03:58.810,0.77113,0.77134,1.00,1.75
2017.03.15 20:03:59.906,0.77115,0.77134,1.00,1.75
2017.03.15 20:04:00.425,0.77114,0.77131,1.00,1.00
2017.03.15 20:04:00.526,0.77115,0.77133,1.00,1.12
2017.03.15 20:04:00.970,0.77114,0.77133,1.00,1.75
2017.03.15 20:04:01.710,0.77112,0.77135,1.00,1.87
2017.03.15 20:04:02.469,0.77115,0.77134,1.00,1.12
2017.03.15 20:04:03.039,0.77114,0.77134,1.00,1.12
2017.03.15 20:04:04.320,0.77115,0.77134,1.00,1.12
2017.03.15 20:04:04.421,0.77115,0.77134,1.00,1.37
2017.03.15 20:04:05.941,0.77114,0.77132,1.00,1.12
2017.03.15 20:04:05.992,0.77114,0.7713,1.00,1.00
2017.03.15 20:04:06.922,0.77115,0.77133,1.00,1.37
2017.03.15 20:04:07.407,0.77115,0.77134,1.00,2.25
2017.03.15 20:04:08.983,0.77115,0.77134,1.00,1.75
2017.03.15 20:04:09.410,0.77115,0.77136,1.00,1.50
2017.03.15 20:04:09.960,0.77118,0.77136,1.00,1.12
2017.03.15 20:04:10.359,0.77115,0.77135,1.00,1.50
2017.03.15 20:04:13.082,0.77115,0.77136,1.00,1.37
2017.03.15 20:04:13.583,0.77114,0.77135,1.00,1.12
2017.03.15 20:04:13.907,0.77114,0.77135,1.00,1.87
2017.03.15 20:04:14.400,0.77115,0.7713,1.00,1.00
2017.03.15 20:04:14.560,0.77115,0.77135,1.00,1.75
2017.03.15 20:04:14.862,0.77115,0.7713,1.00,1.00
2017.03.15 20:04:14.963,0.77115,0.77134,1.00,1.00
2017.03.15 20:04:15.228,0.77113,0.77134,1.00,1.00
2017.03.15 20:04:15.282,0.77109,0.7714,1.50,1.75
2017.03.15 20:04:15.332,0.77113,0.77134,1.00,1.00
2017.03.15 20:04:15.383,0.7711,0.77134,1.37,1.00
2017.03.15 20:04:15.484,0.7711,0.77136,1.87,1.50
2017.03.15 20:04:15.645,0.7711,0.77134,2.25,1.00
2017.03.15 20:04:16.640,0.7711,0.77134,1.50,1.37
2017.03.15 20:04:16.952,0.77109,0.77134,1.00,1.37
2017.03.15 20:04:17.187,0.77107,0.77133,1.87,1.00
2017.03.15 20:04:18.707,0.77107,0.77132,1.87,1.00
2017.03.15 20:04:18.991,0.77108,0.77134,1.12,1.12
2017.03.15 20:04:19.092,0.7711,0.77132,1.50,1.00
2017.03.15 20:04:19.398,0.7711,0.77135,1.50,1.50
2017.03.15 20:04:20.512,0.77108,0.77134,2.62,1.00
2017.03.15 20:04:20.769,0.77106,0.77131,1.00,1.37
2017.03.15 20:04:21.580,0.77106,0.77131,1.00,1.75
2017.03.15 20:04:21.940,0.77104,0.77128,1.00,1.12
2017.03.15 20:04:22.146,0.77107,0.7713,1.00,1.12
2017.03.15 20:04:22.249,0.77108,0.77134,1.75,1.37
2017.03.15 20:04:22.299,0.77108,0.77134,1.75,1.00
2017.03.15 20:04:22.757,0.77115,0.77135,1.00,1.87
2017.03.15 20:04:25.448,0.77112,0.77135,1.12,1.37
2017.03.15 20:04:25.550,0.77114,0.77135,1.00,1.37
2017.03.15 20:04:26.064,0.77116,0.77135,1.00,1.37
2017.03.15 20:04:26.577,0.77117,0.77134,1.00,1.00
2017.03.15 20:04:28.062,0.77116,0.77134,1.00,1.00
2017.03.15 20:04:28.614,0.77117,0.77137,1.00,1.87
2017.03.15 20:04:28.917,0.77118,0.77143,1.37,2.62
2017.03.15 20:04:28.967,0.77119,0.77145,1.50,1.75
2017.03.15 20:04:29.068,0.77123,0.77145,1.00,1.75
2017.03.15 20:04:29.559,0.77123,0.77149,1.00,1.75
2017.03.15 20:04:30.091,0.77122,0.77145,1.50,1.00
2017.03.15 20:04:30.142,0.77118,0.77143,1.50,1.00
2017.03.15 20:04:30.192,0.77118,0.7714,1.00,1.00
2017.03.15 20:04:30.759,0.77118,0.77143,1.00,1.87
2017.03.15 20:04:31.163,0.77117,0.7714,1.50,1.12
2017.03.15 20:04:32.652,0.77119,0.7714,1.00,1.12
2017.03.15 20:04:33.357,0.77115,0.7714,1.12,1.12
2017.03.15 20:04:34.065,0.77119,0.77145,1.00,1.75
2017.03.15 20:04:34.167,0.77122,0.77146,1.00,1.00
2017.03.15 20:04:34.368,0.77121,0.77149,1.00,2.62
2017.03.15 20:04:34.469,0.77122,0.7715,1.75,1.75
2017.03.15 20:04:35.934,0.77128,0.77151,1.12,1.50
2017.03.15 20:04:35.985,0.77128,0.77151,1.12,1.12
2017.03.15 20:04:36.309,0.77121,0.77148,3.37,1.00
2017.03.15 20:04:36.451,0.7712,0.77148,2.25,1.37
2017.03.15 20:04:36.552,0.77127,0.7715,1.00,1.75
2017.03.15 20:04:36.623,0.77121,0.77151,1.75,2.25
2017.03.15 20:04:36.674,0.77122,0.77151,1.75,2.25
2017.03.15 20:04:36.825,0.77123,0.77148,1.00,1.00
2017.03.15 20:04:36.926,0.77125,0.77148,1.00,1.00
2017.03.15 20:04:37.127,0.77125,0.7715,1.00,1.50
2017.03.15 20:04:37.178,0.77121,0.7715,1.75,1.75
2017.03.15 20:04:37.430,0.77121,0.7715,3.00,1.50
2017.03.15 20:04:37.581,0.77129,0.7715,1.00,1.50
2017.03.15 20:04:37.831,0.77124,0.77151,1.75,2.25
2017.03.15 20:04:37.932,0.77129,0.7715,1.00,1.12
2017.03.15 20:04:38.273,0.77131,0.77151,1.00,2.25
2017.03.15 20:04:38.814,0.77132,0.7715,1.00,1.12
2017.03.15 20:04:38.864,0.77126,0.7715,1.87,1.12
2017.03.15 20:04:39.128,0.77131,0.7715,1.00,1.12
2017.03.15 20:04:39.179,0.77131,0.77153,1.00,1.50
2017.03.15 20:04:39.426,0.77132,0.7715,1.00,1.00
2017.03.15 20:04:39.649,0.7713,0.7715,1.00,1.00
2017.03.15 20:04:40.046,0.77128,0.77151,1.12,1.50
2017.03.15 20:04:41.613,0.77128,0.7715,1.00,1.50
2017.03.15 20:04:41.663,0.77124,0.77148,1.00,1.12
2017.03.15 20:04:41.714,0.77128,0.77146,1.00,1.00
2017.03.15 20:04:42.054,0.77128,0.77149,1.00,1.00
2017.03.15 20:04:43.249,0.77128,0.7715,1.00,2.62
2017.03.15 20:04:43.999,0.77127,0.7715,1.00,1.87
2017.03.15 20:04:44.446,0.77128,0.77149,1.00,1.37
2017.03.15 20:04:44.864,0.77128,0.77145,1.00,1.00
2017.03.15 20:04:45.790,0.77126,0.77145,1.00,1.00
2017.03.15 20:04:46.309,0.77125,0.77145,1.00,1.00
2017.03.15 20:04:46.765,0.77125,0.77149,1.00,1.87
2017.03.15 20:04:46.816,0.77128,0.77148,1.00,1.87
2017.03.15 20:04:47.078,0.77126,0.77148,1.00,1.87
2017.03.15 20:04:47.358,0.77121,0.77147,1.75,1.37
2017.03.15 20:04:47.716,0.77125,0.77148,1.00,1.37
2017.03.15 20:04:48.372,0.77128,0.77148,1.00,1.50
2017.03.15 20:04:48.601,0.77123,0.77148,1.00,1.50
2017.03.15 20:04:49.010,0.77125,0.77147,1.00,1.00
2017.03.15 20:04:49.250,0.77123,0.77148,1.00,2.25
2017.03.15 20:04:49.821,0.77123,0.77145,1.00,1.12
2017.03.15 20:04:50.690,0.77123,0.77148,1.00,2.25
2017.03.15 20:04:51.239,0.77123,0.77147,1.00,1.00
2017.03.15 20:04:51.810,0.77125,0.77148,1.00,1.87
2017.03.15 20:04:52.407,0.77125,0.77148,1.50,1.00
2017.03.15 20:04:52.710,0.77124,0.7715,1.75,1.00
2017.03.15 20:04:53.012,0.77118,0.77144,2.25,1.12
2017.03.15 20:04:53.113,0.77118,0.77144,1.75,1.87
2017.03.15 20:04:53.163,0.77116,0.77144,1.75,1.87
2017.03.15 20:04:53.214,0.77117,0.77142,1.87,1.00
2017.03.15 20:04:53.338,0.77117,0.77142,1.00,1.12
2017.03.15 20:04:55.718,0.77116,0.7714,3.00,1.12
2017.03.15 20:04:56.447,0.77116,0.77143,1.75,1.12
2017.03.15 20:04:57.160,0.77116,0.77142,3.00,1.37
2017.03.15 20:04:58.095,0.77116,0.77143,1.75,1.12
2017.03.15 20:04:58.431,0.77116,0.77139,3.00,1.50
2017.03.15 20:04:59.200,0.77116,0.77138,1.75,1.00
2017.03.15 20:04:59.301,0.77115,0.77138,1.75,1.50
2017.03.15 20:04:59.939,0.77113,0.77137,1.75,1.75
2017.03.15 20:05:00.140,0.7711,0.77135,1.37,2.10
2017.03.15 20:05:00.341,0.77109,0.77134,2.25,1.37
2017.03.15 20:05:00.706,0.77108,0.77133,1.12,1.12
2017.03.15 20:05:00.908,0.77108,0.77133,2.25,1.12
2017.03.15 20:05:00.958,0.7711,0.77133,1.12,1.00
2017.03.15 20:05:01.160,0.77106,0.77133,2.25,1.12
2017.03.15 20:05:01.210,0.77106,0.77132,3.00,1.12
2017.03.15 20:05:01.732,0.77106,0.77131,1.50,1.75
2017.03.15 20:05:01.833,0.77104,0.77134,1.75,1.75
2017.03.15 20:05:02.037,0.77104,0.7713,1.75,1.12
2017.03.15 20:05:02.256,0.77102,0.77127,1.75,1.00
2017.03.15 20:05:02.358,0.77102,0.77125,1.50,1.00
2017.03.15 20:05:02.409,0.77101,0.77125,2.25,1.00
2017.03.15 20:05:02.510,0.77101,0.77131,2.25,2.25
2017.03.15 20:05:02.560,0.77101,0.77127,3.00,1.75
2017.03.15 20:05:02.864,0.77098,0.77126,1.75,1.87
2017.03.15 20:05:03.030,0.77094,0.77121,1.75,1.12
2017.03.15 20:05:03.130,0.77094,0.77119,1.75,1.50
2017.03.15 20:05:03.232,0.77092,0.77117,1.87,1.12
2017.03.15 20:05:03.282,0.77092,0.77115,1.87,1.00
2017.03.15 20:05:03.333,0.77091,0.77116,1.87,1.00
2017.03.15 20:05:03.384,0.77091,0.7712,1.87,2.25
2017.03.15 20:05:03.434,0.77095,0.77118,1.00,1.12
2017.03.15 20:05:03.535,0.77095,0.77119,1.12,1.75
2017.03.15 20:05:03.737,0.77096,0.77121,1.00,1.37
2017.03.15 20:05:04.154,0.771,0.77121,1.00,1.50
2017.03.15 20:05:04.362,0.77102,0.77126,1.00,1.12
2017.03.15 20:05:04.513,0.77102,0.77131,1.12,2.62
2017.03.15 20:05:04.665,0.77104,0.77129,1.87,1.37
2017.03.15 20:05:04.816,0.77104,0.7713,1.87,1.50
2017.03.15 20:05:05.424,0.77104,0.77129,1.00,1.00
2017.03.15 20:05:05.512,0.77104,0.77129,1.50,1.50
2017.03.15 20:05:05.764,0.77104,0.77129,1.12,2.25
2017.03.15 20:05:05.865,0.77101,0.77127,1.37,1.75
2017.03.15 20:05:05.966,0.77102,0.77127,1.12,1.12
2017.03.15 20:05:06.066,0.77104,0.77128,1.50,1.00
2017.03.15 20:05:06.595,0.77107,0.77133,1.00,1.12
2017.03.15 20:05:06.645,0.77107,0.77133,1.12,1.12
2017.03.15 20:05:06.746,0.77107,0.77134,1.12,1.75
2017.03.15 20:05:06.897,0.7711,0.77135,1.00,1.75
2017.03.15 20:05:06.948,0.77111,0.77134,1.00,1.12
2017.03.15 20:05:07.063,0.77108,0.77131,1.12,1.00
2017.03.15 20:05:07.221,0.77108,0.77133,1.00,2.25
2017.03.15 20:05:07.271,0.77105,0.77133,1.75,2.25
2017.03.15 20:05:07.573,0.77103,0.77128,1.00,3.00
2017.03.15 20:05:07.624,0.77103,0.77122,1.00,1.00
2017.03.15 20:05:07.675,0.77098,0.77122,1.12,1.00
2017.03.15 20:05:07.725,0.77095,0.77121,1.75,1.37
2017.03.15 20:05:07.776,0.77096,0.77119,1.75,1.00
2017.03.15 20:05:07.877,0.77095,0.77122,2.25,1.50
2017.03.15 20:05:07.927,0.77096,0.77122,1.37,1.87
2017.03.15 20:05:07.978,0.77096,0.77119,1.00,1.00
2017.03.15 20:05:08.028,0.77098,0.77122,1.00,1.50
2017.03.15 20:05:08.079,0.77098,0.77122,1.12,1.50
2017.03.15 20:05:08.457,0.77098,0.77123,1.12,1.12
2017.03.15 20:05:08.759,0.77109,0.77136,1.75,1.12
2017.03.15 20:05:08.810,0.77108,0.77138,1.75,1.75
2017.03.15 20:05:08.961,0.77108,0.77138,1.75,1.75
2017.03.15 20:05:09.162,0.77108,0.77136,1.12,2.25
2017.03.15 20:05:10.745,0.77109,0.77133,1.00,1.37
2017.03.15 20:05:11.145,0.77111,0.77134,1.00,2.10
2017.03.15 20:05:11.470,0.77115,0.77139,1.12,1.75
2017.03.15 20:05:11.621,0.77113,0.77137,1.12,1.37
2017.03.15 20:05:12.228,0.77114,0.77137,1.00,1.37
2017.03.15 20:05:12.733,0.77114,0.77138,1.50,1.00
2017.03.15 20:05:13.060,0.77115,0.77138,1.12,1.12
2017.03.15 20:05:13.363,0.77113,0.77134,1.00,1.37
2017.03.15 20:05:13.915,0.77114,0.77129,1.00,1.00
2017.03.15 20:05:14.291,0.77114,0.77133,1.00,1.12
2017.03.15 20:05:14.623,0.77118,0.77134,1.00,1.75
2017.03.15 20:05:15.297,0.77118,0.77135,1.00,1.87
2017.03.15 20:05:15.904,0.77118,0.77135,1.00,1.12
2017.03.15 20:05:15.955,0.77116,0.77136,1.00,1.12
2017.03.15 20:05:16.056,0.77114,0.77135,1.00,1.50
2017.03.15 20:05:16.107,0.77116,0.77135,1.00,1.87
2017.03.15 20:05:16.409,0.77118,0.77136,1.00,1.12
2017.03.15 20:05:16.880,0.77109,0.77133,2.25,1.37
2017.03.15 20:05:17.182,0.77109,0.77136,1.37,1.12
2017.03.15 20:05:17.709,0.77108,0.77137,1.75,1.75
2017.03.15 20:05:18.101,0.77104,0.77132,1.12,1.75
2017.03.15 20:05:18.202,0.77105,0.7713,1.37,1.00
2017.03.15 20:05:18.852,0.77105,0.7713,2.25,1.00
2017.03.15 20:05:19.053,0.77101,0.77128,1.87,1.00
2017.03.15 20:05:19.383,0.77102,0.77126,1.00,1.12
2017.03.15 20:05:19.612,0.77101,0.77128,1.87,1.37
2017.03.15 20:05:19.713,0.77101,0.77127,1.75,1.37
2017.03.15 20:05:19.814,0.771,0.77125,1.87,1.00
2017.03.15 20:05:19.915,0.771,0.77126,1.87,1.75
2017.03.15 20:05:20.308,0.77097,0.77124,1.12,1.87
2017.03.15 20:05:20.409,0.77097,0.77122,1.00,1.12
2017.03.15 20:05:20.460,0.77099,0.77122,1.00,1.00
2017.03.15 20:05:20.974,0.771,0.77122,1.00,1.00
2017.03.15 20:05:22.132,0.77099,0.77122,1.00,1.00
2017.03.15 20:05:22.434,0.771,0.77123,1.00,1.87
2017.03.15 20:05:22.635,0.771,0.77123,1.12,1.00
2017.03.15 20:05:22.789,0.77104,0.77123,1.00,1.00
2017.03.15 20:05:22.890,0.77101,0.77126,1.00,2.62
2017.03.15 20:05:23.436,0.771,0.77124,1.00,1.75
2017.03.15 20:05:23.701,0.771,0.77125,1.50,1.50
2017.03.15 20:05:24.355,0.771,0.77125,1.50,1.50
2017.03.15 20:05:25.142,0.771,0.77124,1.50,1.00
2017.03.15 20:05:25.298,0.77104,0.77124,1.00,1.00
2017.03.15 20:05:25.582,0.771,0.77124,1.00,1.00
2017.03.15 20:05:26.744,0.771,0.77125,1.00,1.12
2017.03.15 20:05:27.260,0.771,0.77125,1.87,1.00
2017.03.15 20:05:27.994,0.771,0.77125,1.12,1.00
2017.03.15 20:05:28.636,0.77105,0.77125,1.00,1.00
2017.03.15 20:05:28.939,0.7711,0.77135,1.50,1.75
2017.03.15 20:05:29.144,0.7711,0.77135,1.75,1.50
2017.03.15 20:05:29.346,0.77106,0.77134,1.12,1.87
2017.03.15 20:05:29.548,0.77107,0.77134,1.37,1.87
2017.03.15 20:05:29.800,0.77106,0.7713,1.00,2.25
2017.03.15 20:05:30.001,0.77104,0.77129,1.50,1.87
2017.03.15 20:05:30.225,0.77105,0.77126,1.00,1.37
2017.03.15 20:05:30.275,0.77102,0.77127,1.12,1.12
2017.03.15 20:05:30.424,0.77102,0.77127,1.00,1.12
2017.03.15 20:05:30.763,0.77105,0.77125,1.00,1.75
2017.03.15 20:05:31.127,0.77105,0.77125,1.00,1.12
2017.03.15 20:05:31.228,0.77101,0.77125,1.87,1.12
2017.03.15 20:05:31.328,0.77105,0.77125,1.00,1.12
2017.03.15 20:05:31.530,0.77101,0.77125,1.87,1.12
2017.03.15 20:05:31.891,0.771,0.77124,1.87,1.00
2017.03.15 20:05:32.327,0.77101,0.77123,1.00,1.87
2017.03.15 20:05:32.864,0.771,0.77123,1.00,1.87
2017.03.15 20:05:33.172,0.771,0.77125,3.75,1.87
2017.03.15 20:05:33.223,0.771,0.77125,1.12,1.87
2017.03.15 20:05:33.423,0.77099,0.77125,1.37,1.87
2017.03.15 20:05:34.035,0.77099,0.77122,1.00,1.75
2017.03.15 20:05:34.136,0.77096,0.77122,1.50,1.75
2017.03.15 20:05:34.983,0.77098,0.77121,1.00,1.37
2017.03.15 20:05:35.501,0.77096,0.77123,1.75,2.25
2017.03.15 20:05:36.431,0.77103,0.77123,1.00,1.75
2017.03.15 20:05:36.597,0.77106,0.7713,1.12,1.50
2017.03.15 20:05:36.945,0.77106,0.77129,1.00,1.50
2017.03.15 20:05:37.501,0.77105,0.7713,1.00,1.75
2017.03.15 20:05:37.967,0.77107,0.77129,1.00,1.50
2017.03.15 20:05:38.323,0.77106,0.77126,1.00,1.50
2017.03.15 20:05:38.847,0.77107,0.77125,1.00,1.12
2017.03.15 20:05:38.948,0.77105,0.77125,1.00,1.12
2017.03.15 20:05:39.469,0.77101,0.77125,1.50,1.00
2017.03.15 20:05:39.519,0.77101,0.77125,1.50,1.37
2017.03.15 20:05:39.671,0.77097,0.77123,2.62,1.00
2017.03.15 20:05:39.872,0.771,0.77124,1.75,1.75
2017.03.15 20:05:39.973,0.77101,0.77124,1.37,1.12
2017.03.15 20:05:40.940,0.77095,0.77125,1.75,1.50
2017.03.15 20:05:41.960,0.771,0.77126,1.50,1.50
2017.03.15 20:05:42.292,0.77102,0.77126,1.12,1.00
2017.03.15 20:05:42.548,0.77103,0.77126,1.00,1.12
2017.03.15 20:05:42.958,0.771,0.77123,1.87,1.00
2017.03.15 20:05:43.059,0.771,0.77123,1.12,1.50
2017.03.15 20:05:44.026,0.771,0.77124,1.37,1.37
2017.03.15 20:05:44.484,0.77101,0.77126,1.37,1.87
2017.03.15 20:05:44.685,0.77102,0.77125,1.12,1.00
2017.03.15 20:05:45.275,0.77102,0.77126,1.12,1.00
2017.03.15 20:05:45.577,0.77095,0.77119,1.75,1.00
2017.03.15 20:05:45.678,0.77095,0.77119,2.25,1.12
2017.03.15 20:05:45.930,0.77097,0.77119,1.50,1.12
2017.03.15 20:05:46.031,0.77099,0.77121,1.50,1.00
2017.03.15 20:05:46.082,0.77099,0.77123,1.50,1.00
2017.03.15 20:05:46.226,0.77098,0.77126,1.12,1.12
2017.03.15 20:05:46.590,0.77098,0.77121,1.37,1.00
2017.03.15 20:05:46.641,0.77098,0.77123,1.37,1.00
2017.03.15 20:05:47.190,0.77097,0.77123,1.75,1.37
2017.03.15 20:05:47.959,0.77095,0.77121,1.00,1.12
2017.03.15 20:05:49.094,0.77095,0.77117,1.12,1.00
2017.03.15 20:05:49.615,0.77095,0.77116,1.00,1.00
2017.03.15 20:05:50.246,0.77095,0.77115,1.00,1.00
2017.03.15 20:05:50.778,0.77095,0.77114,1.00,1.00
2017.03.15 20:05:50.975,0.77091,0.77114,1.00,1.00
2017.03.15 20:05:51.481,0.7709,0.77114,1.50,1.00
2017.03.15 20:05:52.014,0.7709,0.77112,1.50,1.00
2017.03.15 20:05:53.135,0.7709,0.77111,1.00,1.00
2017.03.15 20:05:53.418,0.77085,0.7711,2.62,1.12
2017.03.15 20:05:53.901,0.7709,0.7711,1.00,1.12
2017.03.15 20:05:53.952,0.77085,0.77111,1.87,1.50
2017.03.15 20:05:54.053,0.77085,0.7711,3.22,1.50
2017.03.15 20:05:54.355,0.77092,0.77117,1.00,1.50
2017.03.15 20:05:54.405,0.77092,0.77117,1.12,1.50
2017.03.15 20:05:55.250,0.77089,0.77116,1.37,1.75
2017.03.15 20:05:55.301,0.77088,0.77113,1.50,1.50
2017.03.15 20:05:58.568,0.77087,0.77113,1.37,1.75
2017.03.15 20:05:58.619,0.77087,0.77113,1.12,2.25
2017.03.15 20:05:59.016,0.77087,0.77112,1.87,1.75
2017.03.15 20:05:59.519,0.77087,0.77112,1.50,1.87
2017.03.15 20:05:59.570,0.77087,0.77112,1.87,1.75
2017.03.15 20:05:59.620,0.77087,0.77112,1.50,1.12
2017.03.15 20:06:00.299,0.77086,0.77109,1.37,1.00
2017.03.15 20:06:00.908,0.77085,0.77109,1.50,1.50
2017.03.15 20:06:01.454,0.77085,0.7711,1.00,1.75
2017.03.15 20:06:05.429,0.77085,0.77108,1.87,1.12
2017.03.15 20:06:05.948,0.77085,0.77108,1.00,1.12
2017.03.15 20:06:06.481,0.77084,0.77108,1.75,1.12
2017.03.15 20:06:07.089,0.77085,0.77108,1.00,1.12
2017.03.15 20:06:07.743,0.77084,0.77108,1.75,1.12
2017.03.15 20:06:08.264,0.77084,0.77108,1.37,1.50
2017.03.15 20:06:10.564,0.77083,0.77107,1.12,1.00
2017.03.15 20:06:11.117,0.77082,0.77105,1.12,1.00
2017.03.15 20:06:11.217,0.77083,0.77107,1.12,1.00
2017.03.15 20:06:13.690,0.77082,0.77106,1.75,1.00
2017.03.15 20:06:13.741,0.77082,0.77106,1.50,1.37
2017.03.15 20:06:15.463,0.77082,0.77105,1.00,1.12
2017.03.15 20:06:15.805,0.77082,0.77106,1.87,1.37
2017.03.15 20:06:15.906,0.77082,0.77104,1.50,1.00
2017.03.15 20:06:16.481,0.77082,0.77104,1.12,1.50
2017.03.15 20:06:16.828,0.77082,0.77105,1.50,1.12
2017.03.15 20:06:17.343,0.77081,0.77104,1.87,1.00
2017.03.15 20:06:17.872,0.77082,0.77106,1.12,1.12
2017.03.15 20:06:19.271,0.77082,0.77107,1.37,1.12
2017.03.15 20:06:19.882,0.77082,0.77106,1.00,1.12
2017.03.15 20:06:20.223,0.7708,0.77103,1.12,1.00
2017.03.15 20:06:20.552,0.77079,0.77103,1.00,1.12
2017.03.15 20:06:20.865,0.77082,0.77103,1.00,1.12
2017.03.15 20:06:21.550,0.77082,0.77103,1.50,1.00
2017.03.15 20:06:22.197,0.77081,0.77103,1.00,1.00
2017.03.15 20:06:23.720,0.77082,0.77104,1.00,1.37
2017.03.15 20:06:24.221,0.77081,0.77104,1.00,1.37
2017.03.15 20:06:29.548,0.77084,0.77105,1.00,1.75
2017.03.15 20:06:29.800,0.77082,0.77105,1.00,1.37
2017.03.15 20:06:30.001,0.7708,0.77102,1.00,1.37
2017.03.15 20:06:30.102,0.77078,0.77102,1.00,1.37
2017.03.15 20:06:30.152,0.7708,0.77104,1.12,1.12
2017.03.15 20:06:30.253,0.77077,0.77103,1.37,1.12
2017.03.15 20:06:30.354,0.77078,0.77104,1.87,1.12
2017.03.15 20:06:30.703,0.77078,0.77103,2.25,1.12
2017.03.15 20:06:30.868,0.77078,0.77102,1.50,1.37
2017.03.15 20:06:31.660,0.77077,0.771,1.00,1.37
2017.03.15 20:06:32.163,0.77078,0.771,1.00,1.37
2017.03.15 20:06:32.590,0.77077,0.77101,1.87,1.00
2017.03.15 20:06:32.848,0.7708,0.77101,1.00,1.00
2017.03.15 20:06:33.458,0.77079,0.77101,1.00,1.00
2017.03.15 20:06:37.866,0.77079,0.77104,1.37,1.12
2017.03.15 20:06:40.945,0.7708,0.77106,1.87,1.87
2017.03.15 20:06:41.436,0.7708,0.77102,1.00,1.37
2017.03.15 20:06:42.077,0.77079,0.77101,1.00,1.00
2017.03.15 20:06:42.800,0.77077,0.771,1.50,1.00
2017.03.15 20:06:43.450,0.77079,0.771,1.00,1.00
2017.03.15 20:06:44.711,0.77079,0.77104,1.37,1.12
2017.03.15 20:06:47.619,0.77079,0.77104,1.00,1.12
2017.03.15 20:06:49.171,0.77079,0.77106,1.37,1.87
2017.03.15 20:06:49.329,0.77079,0.77103,1.37,1.00
2017.03.15 20:06:50.736,0.7708,0.77103,1.00,1.37
2017.03.15 20:06:51.250,0.77081,0.77103,1.00,1.00
2017.03.15 20:06:54.383,0.77083,0.77103,1.00,1.00
2017.03.15 20:06:54.535,0.77083,0.77106,1.00,1.37
2017.03.15 20:06:55.079,0.77083,0.77106,1.00,1.12
2017.03.15 20:07:00.657,0.77081,0.77104,1.00,1.00
2017.03.15 20:07:01.599,0.7708,0.77104,1.12,1.00
2017.03.15 20:07:02.970,0.77078,0.77106,2.25,2.25
2017.03.15 20:07:08.801,0.7708,0.77106,1.00,2.25
2017.03.15 20:07:09.327,0.77079,0.77104,1.12,1.12
2017.03.15 20:07:09.917,0.77079,0.77103,1.00,1.00
2017.03.15 20:07:10.454,0.77078,0.77103,1.37,1.37
2017.03.15 20:07:13.562,0.77078,0.77104,1.37,1.75
2017.03.15 20:07:13.813,0.77078,0.77103,1.00,1.12
2017.03.15 20:07:18.023,0.77077,0.77103,1.75,1.12
2017.03.15 20:07:18.411,0.77074,0.77099,3.00,1.00
2017.03.15 20:07:18.620,0.77078,0.77102,1.50,1.50
2017.03.15 20:07:20.380,0.77077,0.77102,1.12,1.50
2017.03.15 20:07:21.206,0.77078,0.77102,1.00,1.75
2017.03.15 20:07:21.582,0.77077,0.77101,1.12,1.75
2017.03.15 20:07:21.755,0.77073,0.77101,1.50,1.75
2017.03.15 20:07:23.120,0.7707,0.77097,1.50,1.50
2017.03.15 20:07:23.437,0.77067,0.77092,1.75,1.00
2017.03.15 20:07:23.538,0.77067,0.7709,1.00,1.00
2017.03.15 20:07:23.785,0.77065,0.7709,1.50,1.00
2017.03.15 20:07:23.838,0.77067,0.77097,1.75,1.12
2017.03.15 20:07:24.173,0.77068,0.77096,1.75,1.37
2017.03.15 20:07:24.475,0.77066,0.77095,1.87,1.75
2017.03.15 20:07:24.827,0.77065,0.77094,1.37,1.75
2017.03.15 20:07:25.160,0.77065,0.77094,1.12,1.75
2017.03.15 20:07:26.534,0.77068,0.77094,1.75,1.87
2017.03.15 20:07:27.070,0.77066,0.77093,1.12,1.37
2017.03.15 20:07:28.142,0.77065,0.77093,1.87,1.12
2017.03.15 20:07:28.395,0.77065,0.77093,2.62,1.37
2017.03.15 20:07:28.955,0.77068,0.77094,1.00,1.87
2017.03.15 20:07:29.821,0.77068,0.77094,1.00,3.00
2017.03.15 20:07:30.353,0.77063,0.7709,1.12,1.75
2017.03.15 20:07:30.454,0.77064,0.77089,1.00,1.50
2017.03.15 20:07:30.572,0.77064,0.77089,1.00,1.12
2017.03.15 20:07:30.622,0.77075,0.77088,1.00,1.37
2017.03.15 20:07:31.084,0.77074,0.7709,1.00,1.50
2017.03.15 20:07:31.185,0.77075,0.7709,1.00,1.75
2017.03.15 20:07:31.286,0.77075,0.7709,1.00,2.25
2017.03.15 20:07:31.801,0.77074,0.7709,1.00,2.25
2017.03.15 20:07:32.241,0.77064,0.77085,1.75,1.00
2017.03.15 20:07:32.292,0.77064,0.7709,1.75,2.25
2017.03.15 20:07:32.632,0.77065,0.77085,1.50,1.00
2017.03.15 20:07:32.683,0.77065,0.77089,1.50,1.87
2017.03.15 20:07:32.733,0.77064,0.77085,1.12,1.00
2017.03.15 20:07:33.116,0.77065,0.77084,1.00,1.37
2017.03.15 20:07:33.167,0.77063,0.77084,1.00,1.00
2017.03.15 20:07:33.218,0.77061,0.77085,1.12,1.87
2017.03.15 20:07:33.756,0.77059,0.77085,1.12,3.00
2017.03.15 20:07:33.914,0.77059,0.77085,1.12,3.75
2017.03.15 20:07:33.965,0.77055,0.77078,1.00,1.37
2017.03.15 20:07:34.467,0.77054,0.77077,1.87,1.00
2017.03.15 20:07:34.518,0.77054,0.7708,2.25,1.87
2017.03.15 20:07:34.659,0.77054,0.77077,1.50,1.12
2017.03.15 20:07:35.342,0.77054,0.77078,2.25,1.50
2017.03.15 20:07:37.113,0.77054,0.77079,1.12,1.87
2017.03.15 20:07:42.912,0.77052,0.77075,1.50,1.37
2017.03.15 20:07:43.013,0.7705,0.77075,1.87,1.50
2017.03.15 20:07:45.114,0.7705,0.77075,1.75,1.87
2017.03.15 20:07:45.416,0.77047,0.77073,1.12,1.50
2017.03.15 20:07:45.517,0.77048,0.77072,1.37,1.37
2017.03.15 20:07:45.964,0.7705,0.77073,1.00,1.00
2017.03.15 20:07:49.464,0.77049,0.77076,1.75,1.75
2017.03.15 20:07:49.665,0.77051,0.77074,1.00,1.50
2017.03.15 20:07:50.173,0.77051,0.77074,1.00,1.75
2017.03.15 20:07:50.574,0.77051,0.77074,1.00,1.37
2017.03.15 20:07:50.945,0.77051,0.77074,1.00,1.75
2017.03.15 20:07:51.044,0.77051,0.77074,1.00,1.37
2017.03.15 20:07:53.717,0.77051,0.77074,1.00,2.25
2017.03.15 20:07:53.768,0.77051,0.77074,1.00,1.37
2017.03.15 20:07:53.989,0.77048,0.77073,1.87,1.12
2017.03.15 20:07:54.611,0.77049,0.77073,1.75,1.75
2017.03.15 20:07:55.112,0.77048,0.77074,1.12,1.87
2017.03.15 20:07:55.163,0.77047,0.7707,1.37,1.00
2017.03.15 20:07:55.294,0.77048,0.77074,1.37,1.87
2017.03.15 20:07:56.763,0.77049,0.77072,1.12,1.00
2017.03.15 20:07:57.008,0.77049,0.77073,1.37,1.12
2017.03.15 20:07:57.641,0.77044,0.7707,2.62,1.75
2017.03.15 20:07:57.792,0.77045,0.77068,1.00,1.37
2017.03.15 20:07:58.293,0.77045,0.77068,1.00,1.12
2017.03.15 20:07:58.605,0.77045,0.77066,1.00,1.00
2017.03.15 20:07:58.837,0.77045,0.77068,1.00,1.87
2017.03.15 20:07:58.891,0.77045,0.77066,1.00,1.00
2017.03.15 20:07:59.405,0.77045,0.77065,1.00,1.00
2017.03.15 20:07:59.455,0.77045,0.77068,1.00,1.00
2017.03.15 20:07:59.824,0.77045,0.77068,1.00,1.87
2017.03.15 20:08:00.015,0.77045,0.77068,1.12,2.25
2017.03.15 20:08:00.548,0.77045,0.77068,1.37,2.25
2017.03.15 20:08:02.073,0.77045,0.77068,1.00,1.00
2017.03.15 20:08:03.649,0.77042,0.77068,1.75,3.00
2017.03.15 20:08:03.702,0.77042,0.77068,1.50,3.00
2017.03.15 20:08:05.605,0.7704,0.77063,2.25,1.00
2017.03.15 20:08:06.616,0.77042,0.77063,1.00,1.00
2017.03.15 20:08:06.716,0.77042,0.77065,1.50,1.00
2017.03.15 20:08:06.817,0.77042,0.7707,1.75,3.00
2017.03.15 20:08:07.119,0.7704,0.77063,1.12,1.75
2017.03.15 20:08:08.105,0.7704,0.77062,1.00,1.75
2017.03.15 20:08:08.551,0.77036,0.7706,1.75,1.50
2017.03.15 20:08:09.022,0.77035,0.77058,1.87,1.00
2017.03.15 20:08:10.327,0.77035,0.77058,1.00,1.37
2017.03.15 20:08:10.478,0.77032,0.77058,1.12,1.00
2017.03.15 20:08:10.851,0.77032,0.77058,1.87,2.25
2017.03.15 20:08:11.384,0.77032,0.77059,2.62,2.25
2017.03.15 20:08:11.686,0.77032,0.77057,1.75,1.37
2017.03.15 20:08:12.534,0.77032,0.77057,1.87,1.00
2017.03.15 20:08:16.626,0.77033,0.77055,1.00,1.37
2017.03.15 20:08:16.939,0.77027,0.77052,1.37,1.75
2017.03.15 20:08:17.735,0.7703,0.77052,1.00,1.75
2017.03.15 20:08:18.187,0.77027,0.77053,1.37,1.75
2017.03.15 20:08:18.237,0.77027,0.77053,1.12,1.75
2017.03.15 20:08:18.785,0.7703,0.7705,1.00,1.00
2017.03.15 20:08:20.548,0.77027,0.7705,1.00,1.12
2017.03.15 20:08:20.700,0.77029,0.7705,1.00,1.00
2017.03.15 20:08:21.001,0.77033,0.77059,1.87,1.37
2017.03.15 20:08:21.481,0.77035,0.77059,1.37,1.00
2017.03.15 20:08:22.028,0.77033,0.77059,1.87,1.37
2017.03.15 20:08:23.607,0.77034,0.7706,1.12,1.75
2017.03.15 20:08:23.940,0.77036,0.7706,1.87,1.00
2017.03.15 20:08:24.454,0.77036,0.7706,1.75,1.87
2017.03.15 20:08:24.555,0.77031,0.77055,2.62,1.50
2017.03.15 20:08:24.605,0.7703,0.77053,2.25,1.37
2017.03.15 20:08:24.656,0.77029,0.77052,1.00,1.00
2017.03.15 20:08:24.706,0.77029,0.77053,1.12,2.25
2017.03.15 20:08:25.011,0.77022,0.77047,1.50,1.50
2017.03.15 20:08:25.062,0.77022,0.77047,1.12,1.75
2017.03.15 20:08:25.314,0.77018,0.77048,2.25,3.37
2017.03.15 20:08:28.110,0.7702,0.77047,1.50,1.75
2017.03.15 20:08:28.463,0.77019,0.77046,1.75,2.25
2017.03.15 20:08:32.545,0.77022,0.77048,1.00,3.37
2017.03.15 20:08:32.595,0.77025,0.77048,1.00,2.62
2017.03.15 20:08:32.646,0.77025,0.7705,1.50,1.75
2017.03.15 20:08:32.747,0.77026,0.77053,1.75,2.25
2017.03.15 20:08:33.059,0.77026,0.77053,1.75,1.75
2017.03.15 20:08:33.361,0.77027,0.7705,1.75,1.00
2017.03.15 20:08:33.464,0.77027,0.77051,1.75,1.75
2017.03.15 20:08:33.767,0.77027,0.77054,1.75,1.75
2017.03.15 20:08:43.350,0.77026,0.77056,3.37,3.00
2017.03.15 20:08:43.844,0.77033,0.77055,1.00,1.00
2017.03.15 20:08:44.358,0.77033,0.77056,1.00,2.25
2017.03.15 20:08:44.942,0.77033,0.77055,1.00,1.00
2017.03.15 20:08:45.992,0.77033,0.77056,1.00,1.50
2017.03.15 20:08:47.209,0.77033,0.77055,1.00,1.00
2017.03.15 20:08:49.837,0.77033,0.77056,1.00,1.50
2017.03.15 20:08:51.753,0.77033,0.77055,1.00,1.00
2017.03.15 20:08:51.904,0.77031,0.77054,1.00,1.00
2017.03.15 20:08:52.223,0.77034,0.77054,1.00,1.00
2017.03.15 20:08:52.374,0.77038,0.7706,1.00,1.00
2017.03.15 20:08:53.432,0.77038,0.77059,1.00,1.00
2017.03.15 20:08:53.584,0.77035,0.77058,1.50,1.00
2017.03.15 20:08:53.835,0.77035,0.77055,1.00,1.00
2017.03.15 20:08:53.906,0.77035,0.77058,1.00,1.00
2017.03.15 20:08:55.413,0.77035,0.77058,1.00,1.75
2017.03.15 20:08:55.945,0.77032,0.77055,1.50,1.00
2017.03.15 20:08:58.332,0.77032,0.77056,2.25,1.12
2017.03.15 20:08:58.912,0.77032,0.77056,1.50,1.37
2017.03.15 20:08:59.298,0.77029,0.77056,1.75,1.75
2017.03.15 20:09:00.697,0.77028,0.77056,4.12,2.25
2017.03.15 20:09:02.231,0.77032,0.77058,1.75,1.37
2017.03.15 20:09:03.891,0.77032,0.77058,1.87,1.12
2017.03.15 20:09:04.416,0.77031,0.77055,1.12,1.00
2017.03.15 20:09:04.944,0.7703,0.77055,1.75,1.12
2017.03.15 20:09:05.046,0.7703,0.77053,1.50,1.00
2017.03.15 20:09:05.583,0.77029,0.77054,1.75,1.12
2017.03.15 20:09:06.425,0.77028,0.77053,1.75,1.12
2017.03.15 20:09:06.527,0.77028,0.7705,1.37,1.00
2017.03.15 20:09:06.625,0.77028,0.77053,1.75,1.75
2017.03.15 20:09:06.933,0.7703,0.77054,1.75,1.12
2017.03.15 20:09:07.063,0.7703,0.77057,1.75,1.75
2017.03.15 20:09:07.737,0.7703,0.77055,1.75,1.12
2017.03.15 20:09:10.865,0.7703,0.77054,1.87,1.00
2017.03.15 20:09:11.932,0.7703,0.77053,1.50,1.00
2017.03.15 20:09:12.175,0.7703,0.77055,1.87,1.50
2017.03.15 20:09:16.622,0.77032,0.77057,1.12,1.75
2017.03.15 20:09:17.088,0.77033,0.77057,1.87,1.75
2017.03.15 20:09:17.263,0.77046,0.77071,2.62,1.12
2017.03.15 20:09:17.515,0.77048,0.77072,1.37,1.75
2017.03.15 20:09:18.254,0.77046,0.77073,1.75,1.75
2017.03.15 20:09:18.657,0.77048,0.77073,1.37,1.75
2017.03.15 20:09:24.465,0.77049,0.77073,1.87,1.75
2017.03.15 20:09:24.769,0.77058,0.77082,1.87,1.87
2017.03.15 20:09:24.820,0.77061,0.77083,1.00,1.87
2017.03.15 20:09:25.072,0.77063,0.77085,1.12,1.87
2017.03.15 20:09:28.660,0.77062,0.77088,1.87,1.87
2017.03.15 20:09:29.201,0.77062,0.77086,1.87,1.00
2017.03.15 20:09:29.552,0.77061,0.77086,1.12,1.75
2017.03.15 20:09:30.387,0.77061,0.77086,1.12,1.37
2017.03.15 20:09:30.949,0.77064,0.77086,1.00,1.00
2017.03.15 20:09:31.315,0.77065,0.77087,2.25,1.00
2017.03.15 20:09:31.466,0.77067,0.77095,2.25,1.75
2017.03.15 20:09:31.572,0.77067,0.77095,2.25,1.50
2017.03.15 20:09:31.780,0.77072,0.77095,1.00,1.50
2017.03.15 20:09:32.581,0.77076,0.77095,1.50,1.00
2017.03.15 20:09:32.773,0.77075,0.77099,1.12,1.37
2017.03.15 20:09:33.778,0.77075,0.77099,1.37,1.37
2017.03.15 20:09:34.323,0.77075,0.77099,1.00,1.12
2017.03.15 20:09:35.197,0.77073,0.77098,1.12,1.37
2017.03.15 20:09:35.874,0.77073,0.77098,1.12,1.50
2017.03.15 20:09:36.539,0.77072,0.77097,1.87,1.50
2017.03.15 20:09:36.590,0.77072,0.77097,1.87,1.87
2017.03.15 20:09:38.801,0.77074,0.77095,1.00,1.37
2017.03.15 20:09:39.034,0.77074,0.771,1.50,1.87
2017.03.15 20:09:39.085,0.77078,0.77099,1.00,1.50
2017.03.15 20:09:39.135,0.77076,0.771,1.50,1.75
2017.03.15 20:09:39.628,0.7707,0.77096,2.25,1.75
2017.03.15 20:09:39.679,0.7707,0.77095,2.25,1.12
2017.03.15 20:09:40.333,0.7707,0.77095,1.00,1.87
2017.03.15 20:09:40.643,0.77076,0.77098,1.00,3.37
2017.03.15 20:09:40.694,0.77076,0.77099,1.00,1.75
2017.03.15 20:09:40.795,0.77076,0.771,1.00,1.87
2017.03.15 20:09:41.308,0.77076,0.771,1.50,1.87
2017.03.15 20:09:41.848,0.77075,0.77099,1.37,1.75
2017.03.15 20:09:42.417,0.77074,0.771,1.87,1.12
2017.03.15 20:09:42.968,0.77075,0.77099,1.12,1.87
2017.03.15 20:09:43.669,0.77073,0.77095,1.37,1.37
2017.03.15 20:09:43.994,0.77071,0.77096,1.00,1.75
2017.03.15 20:09:44.256,0.77069,0.77094,1.75,1.75
2017.03.15 20:09:44.656,0.77069,0.77092,1.00,1.75
2017.03.15 20:09:45.175,0.77065,0.77088,1.87,1.00
2017.03.15 20:09:45.887,0.77065,0.77088,1.00,1.00
2017.03.15 20:09:47.703,0.77065,0.77088,1.87,1.00
2017.03.15 20:09:48.710,0.77065,0.77088,3.00,1.00
2017.03.15 20:09:49.440,0.77065,0.7709,2.25,2.62
2017.03.15 20:09:50.218,0.77066,0.7709,1.00,1.75
2017.03.15 20:09:53.452,0.77063,0.77088,1.12,1.37
2017.03.15 20:09:54.181,0.77063,0.77088,1.37,1.12
2017.03.15 20:09:54.904,0.77061,0.77087,3.37,1.75
2017.03.15 20:09:55.458,0.77062,0.77087,1.75,1.75
2017.03.15 20:09:56.111,0.77064,0.77087,1.00,1.75
2017.03.15 20:09:56.313,0.77059,0.77083,1.75,1.50
2017.03.15 20:09:56.364,0.77059,0.77082,1.37,1.37
2017.03.15 20:09:56.465,0.77058,0.77082,1.50,2.25
2017.03.15 20:09:56.787,0.77058,0.77081,1.12,1.75
2017.03.15 20:09:57.446,0.77057,0.77082,1.12,1.75
2017.03.15 20:09:58.114,0.77058,0.77082,1.12,1.75
2017.03.15 20:09:59.697,0.77057,0.77083,1.12,3.37
2017.03.15 20:09:59.926,0.77055,0.77082,1.87,1.12
2017.03.15 20:10:00.458,0.77052,0.77079,3.37,1.87
2017.03.15 20:10:00.559,0.7705,0.77073,1.12,1.00
2017.03.15 20:10:00.709,0.7705,0.77073,1.37,1.37
2017.03.15 20:10:00.760,0.7705,0.77073,1.00,1.50
2017.03.15 20:10:01.323,0.7705,0.77075,1.87,1.12
2017.03.15 20:10:01.999,0.77048,0.77073,1.12,1.50
2017.03.15 20:10:02.049,0.77048,0.77073,1.37,1.87
2017.03.15 20:10:02.290,0.77048,0.77073,1.00,1.87
2017.03.15 20:10:04.641,0.77045,0.77071,2.62,1.12
2017.03.15 20:10:06.316,0.7705,0.7707,1.00,1.00
2017.03.15 20:10:07.371,0.77049,0.77072,1.12,1.12
2017.03.15 20:10:07.935,0.7705,0.77073,1.87,1.50
2017.03.15 20:10:08.244,0.77054,0.77078,1.12,1.75
2017.03.15 20:10:08.570,0.77055,0.77081,1.37,3.75
2017.03.15 20:10:08.671,0.77055,0.7708,1.37,1.12
2017.03.15 20:10:08.722,0.77053,0.77079,1.12,1.75
2017.03.15 20:10:09.318,0.77053,0.77078,1.37,1.87
2017.03.15 20:10:10.273,0.77053,0.77081,1.87,3.75
2017.03.15 20:10:10.374,0.77055,0.77081,1.75,1.75
2017.03.15 20:10:10.475,0.77057,0.77081,1.37,1.75
2017.03.15 20:10:11.214,0.77057,0.77081,1.75,1.75
2017.03.15 20:10:11.717,0.77055,0.7708,2.62,1.00
2017.03.15 20:10:12.970,0.77058,0.77084,1.75,1.75
2017.03.15 20:10:13.172,0.7706,0.77085,1.37,1.12
2017.03.15 20:10:13.222,0.7706,0.77085,1.37,1.12
2017.03.15 20:10:13.859,0.7706,0.77085,1.12,1.37
2017.03.15 20:10:14.253,0.7706,0.77085,1.37,1.12
2017.03.15 20:10:15.928,0.7706,0.77087,1.75,1.87
2017.03.15 20:10:16.281,0.77062,0.77088,1.37,1.75
2017.03.15 20:10:16.923,0.77063,0.77087,1.37,1.75
2017.03.15 20:10:17.568,0.77062,0.77087,1.75,1.75
2017.03.15 20:10:18.112,0.77062,0.77087,1.50,1.87
2017.03.15 20:10:18.627,0.77062,0.77087,1.75,1.75
2017.03.15 20:10:19.217,0.77063,0.77087,1.37,1.75
2017.03.15 20:10:21.248,0.77062,0.77087,1.75,1.75
2017.03.15 20:10:21.469,0.77065,0.77088,1.00,1.00
2017.03.15 20:10:23.207,0.77065,0.77088,1.37,1.00
2017.03.15 20:10:23.358,0.77063,0.7709,1.12,3.37
2017.03.15 20:10:27.190,0.77063,0.77088,1.37,1.75
2017.03.15 20:10:28.592,0.77063,0.77087,1.12,1.75
2017.03.15 20:10:29.479,0.77062,0.7709,1.50,2.62
2017.03.15 20:10:29.580,0.77063,0.77087,1.37,1.75
2017.03.15 20:10:29.630,0.77062,0.77087,1.37,1.87
2017.03.15 20:10:29.681,0.7706,0.77082,1.37,1.12
2017.03.15 20:10:30.009,0.77056,0.77082,1.37,1.75
2017.03.15 20:10:30.110,0.77058,0.77082,1.00,1.75
2017.03.15 20:10:30.161,0.77056,0.77082,1.75,1.75
2017.03.15 20:10:30.706,0.77057,0.77082,1.87,1.75
2017.03.15 20:10:35.052,0.77056,0.77082,1.12,1.87
2017.03.15 20:10:35.153,0.77056,0.77082,1.37,1.87
2017.03.15 20:10:36.532,0.77056,0.77078,1.00,1.50
2017.03.15 20:10:40.710,0.7706,0.7708,1.00,1.75
2017.03.15 20:10:40.912,0.7706,0.77082,1.00,1.87
2017.03.15 20:10:42.596,0.77059,0.77082,1.12,1.37
2017.03.15 20:10:43.146,0.7706,0.77084,1.00,1.12
2017.03.15 20:10:44.996,0.7706,0.77084,1.12,1.12
2017.03.15 20:10:45.097,0.7706,0.77085,2.25,1.12
2017.03.15 20:10:45.248,0.77062,0.77085,1.00,1.00
2017.03.15 20:10:45.399,0.77062,0.77087,2.62,1.37
2017.03.15 20:10:46.108,0.77066,0.77091,1.87,1.75
2017.03.15 20:10:46.211,0.77066,0.7709,1.75,1.00
2017.03.15 20:10:46.311,0.77066,0.77089,1.12,1.00
2017.03.15 20:10:46.612,0.77066,0.77089,1.12,1.37
2017.03.15 20:10:47.135,0.77066,0.77091,1.87,1.87
2017.03.15 20:10:47.493,0.77066,0.77089,1.50,1.12
2017.03.15 20:10:47.545,0.77066,0.77089,1.00,1.50
2017.03.15 20:10:50.302,0.77067,0.77089,1.00,1.00
2017.03.15 20:10:52.795,0.77065,0.77092,2.62,4.50
2017.03.15 20:10:53.472,0.77065,0.7709,2.25,1.12
2017.03.15 20:10:53.724,0.7706,0.77084,1.12,1.75
2017.03.15 20:10:53.886,0.7706,0.77084,1.12,1.75
2017.03.15 20:10:54.282,0.7706,0.77084,2.62,1.75
2017.03.15 20:10:54.787,0.7706,0.77085,2.62,1.75
2017.03.15 20:10:54.838,0.7706,0.77085,1.50,1.75
2017.03.15 20:10:55.319,0.77057,0.7708,1.37,1.37
2017.03.15 20:10:55.894,0.77057,0.7708,1.00,1.75
2017.03.15 20:10:56.414,0.77058,0.77082,1.50,1.75
2017.03.15 20:10:56.788,0.77058,0.77082,1.37,1.87
2017.03.15 20:10:57.166,0.77059,0.77083,1.87,1.12
2017.03.15 20:10:57.787,0.7706,0.77087,2.62,1.87
2017.03.15 20:10:58.100,0.77063,0.77087,1.50,1.75
2017.03.15 20:10:58.238,0.77064,0.77085,1.37,1.00
2017.03.15 20:10:58.538,0.77065,0.77087,1.87,1.00
2017.03.15 20:10:59.015,0.77066,0.77091,1.12,1.75
2017.03.15 20:10:59.559,0.77067,0.77092,1.12,1.75
2017.03.15 20:10:59.660,0.77067,0.77092,1.50,1.87
2017.03.15 20:10:59.710,0.77067,0.77092,1.87,1.75
2017.03.15 20:11:00.013,0.77067,0.77092,1.87,1.75
2017.03.15 20:11:00.366,0.77069,0.77092,1.37,1.75
2017.03.15 20:11:01.418,0.77071,0.77096,1.50,1.87
2017.03.15 20:11:01.469,0.77071,0.77096,1.87,1.87
2017.03.15 20:11:03.730,0.77069,0.77094,1.50,2.25
2017.03.15 20:11:03.780,0.77069,0.77092,1.12,1.12
2017.03.15 20:11:03.881,0.77065,0.77088,2.62,1.00
2017.03.15 20:11:04.083,0.77065,0.77085,1.12,1.00
2017.03.15 20:11:05.198,0.77062,0.77085,1.50,1.37
2017.03.15 20:11:06.128,0.77062,0.77085,1.00,1.12
2017.03.15 20:11:06.920,0.77062,0.77085,1.50,1.50
2017.03.15 20:11:07.222,0.77065,0.77088,1.12,1.75
2017.03.15 20:11:07.323,0.77065,0.77089,1.37,1.37
2017.03.15 20:11:07.424,0.77064,0.77089,2.62,1.00
2017.03.15 20:11:08.960,0.77065,0.7709,1.50,1.12
2017.03.15 20:11:09.114,0.77066,0.77091,1.50,1.12
2017.03.15 20:11:09.316,0.77075,0.77096,1.00,2.62
2017.03.15 20:11:09.420,0.77076,0.77098,1.00,3.00
2017.03.15 20:11:09.553,0.77076,0.77098,1.00,1.12
2017.03.15 20:11:10.052,0.77073,0.77097,1.75,1.12
2017.03.15 20:11:10.290,0.77073,0.77094,1.12,1.00
2017.03.15 20:11:12.423,0.77074,0.77099,1.37,2.25
2017.03.15 20:11:12.474,0.77074,0.77099,1.75,2.25
2017.03.15 20:11:12.996,0.77074,0.77095,1.75,1.00
2017.03.15 20:11:13.147,0.77069,0.77096,2.62,1.75
2017.03.15 20:11:13.681,0.77072,0.77095,1.12,1.12
2017.03.15 20:11:14.029,0.77073,0.77096,1.37,1.12
2017.03.15 20:11:14.392,0.77072,0.77095,1.00,1.37
2017.03.15 20:11:14.971,0.7707,0.77095,1.87,1.37
2017.03.15 20:11:15.383,0.77074,0.77095,1.00,1.37
2017.03.15 20:11:15.434,0.77071,0.77094,1.12,1.00
2017.03.15 20:11:16.943,0.7707,0.77094,1.50,1.87
2017.03.15 20:11:16.994,0.7707,0.77094,1.50,1.50
2017.03.15 20:11:17.095,0.7707,0.77094,1.50,1.87
2017.03.15 20:11:17.807,0.77069,0.77094,1.75,1.87
2017.03.15 20:11:18.121,0.77074,0.771,1.12,1.75
2017.03.15 20:11:18.172,0.77075,0.77101,1.87,1.75
2017.03.15 20:11:18.488,0.77075,0.77102,1.87,2.25
2017.03.15 20:11:19.035,0.77075,0.77099,1.75,1.00
2017.03.15 20:11:19.349,0.77074,0.771,1.87,3.37
2017.03.15 20:11:19.400,0.77077,0.771,1.00,1.50
2017.03.15 20:11:20.361,0.77077,0.771,1.00,1.37
2017.03.15 20:11:20.463,0.77076,0.771,1.75,1.00
2017.03.15 20:11:20.715,0.77077,0.771,1.00,1.50
2017.03.15 20:11:20.815,0.77077,0.771,1.00,1.12
2017.03.15 20:11:21.377,0.77077,0.771,1.00,1.37
2017.03.15 20:11:21.997,0.77077,0.771,1.00,1.00
2017.03.15 20:11:22.428,0.77077,0.771,1.00,1.75
2017.03.15 20:11:22.580,0.77077,0.771,1.00,1.50
2017.03.15 20:11:22.638,0.77075,0.771,2.25,1.37
2017.03.15 20:11:24.017,0.77076,0.77101,1.75,1.12
2017.03.15 20:11:24.724,0.77076,0.77101,1.75,1.12
2017.03.15 20:11:26.256,0.7708,0.77101,1.12,1.37
2017.03.15 20:11:26.576,0.77089,0.77106,1.00,1.37
2017.03.15 20:11:26.626,0.7709,0.7711,1.00,1.50
2017.03.15 20:11:26.727,0.7709,0.77113,1.12,1.12
2017.03.15 20:11:26.828,0.77095,0.77113,1.00,1.12
2017.03.15 20:11:27.005,0.77094,0.77116,1.50,1.37
2017.03.15 20:11:27.056,0.77094,0.77116,1.50,1.00
2017.03.15 20:11:27.573,0.77095,0.77118,1.37,1.37
2017.03.15 20:11:28.076,0.77097,0.77118,1.12,1.12
2017.03.15 20:11:29.057,0.77096,0.77121,1.37,1.75
2017.03.15 20:11:29.397,0.77092,0.77119,2.62,1.37
2017.03.15 20:11:29.498,0.77092,0.77118,1.75,1.75
2017.03.15 20:11:29.888,0.77097,0.77123,1.37,1.75
2017.03.15 20:11:30.189,0.77105,0.77132,1.37,2.62
2017.03.15 20:11:30.240,0.77108,0.77131,1.00,1.00
2017.03.15 20:11:30.290,0.77108,0.77129,1.00,1.00
2017.03.15 20:11:30.341,0.77108,0.77131,1.00,1.00
2017.03.15 20:11:30.391,0.77106,0.77131,1.37,1.50
2017.03.15 20:11:30.442,0.77106,0.77129,1.12,1.00
2017.03.15 20:11:30.542,0.77108,0.77129,1.00,1.00
2017.03.15 20:11:30.844,0.77112,0.77136,1.00,2.62
2017.03.15 20:11:30.895,0.77112,0.77137,1.75,1.00
2017.03.15 20:11:30.996,0.77111,0.77138,1.75,1.75
2017.03.15 20:11:31.205,0.7711,0.77132,1.75,1.00
2017.03.15 20:11:31.754,0.77109,0.77135,1.75,1.75
2017.03.15 20:11:32.352,0.77115,0.77139,1.00,2.62
2017.03.15 20:11:32.403,0.7711,0.77138,3.00,1.75
2017.03.15 20:11:32.563,0.77113,0.77138,1.37,1.37
2017.03.15 20:11:32.613,0.77113,0.77139,1.75,1.12
2017.03.15 20:11:32.764,0.77109,0.77137,3.37,1.50
2017.03.15 20:11:32.815,0.77109,0.77137,1.75,2.62
2017.03.15 20:11:32.866,0.7711,0.77137,1.00,4.50
2017.03.15 20:11:33.267,0.7711,0.77134,1.00,1.87
2017.03.15 20:11:33.643,0.7711,0.77134,1.12,1.75
2017.03.15 20:11:33.693,0.7711,0.77134,1.37,1.75
2017.03.15 20:11:33.817,0.77107,0.77134,1.12,1.75
2017.03.15 20:11:33.868,0.77106,0.77133,1.12,1.75
2017.03.15 20:11:33.919,0.77106,0.77129,1.37,1.00
2017.03.15 20:11:34.457,0.77106,0.77129,1.50,1.00
2017.03.15 20:11:35.113,0.77108,0.77132,1.37,1.75
2017.03.15 20:11:36.288,0.7711,0.77131,1.00,1.50
2017.03.15 20:11:36.794,0.7711,0.77136,2.25,1.12
2017.03.15 20:11:36.845,0.77111,0.77136,1.37,1.12
2017.03.15 20:11:37.570,0.7711,0.77135,2.25,1.37
2017.03.15 20:11:38.126,0.7711,0.77136,1.75,1.37
2017.03.15 20:11:38.453,0.77115,0.77138,1.50,1.37
2017.03.15 20:11:38.786,0.77115,0.77135,1.00,1.00
2017.03.15 20:11:39.115,0.77114,0.77135,1.00,1.75
2017.03.15 20:11:39.501,0.77115,0.77135,1.00,1.75
2017.03.15 20:11:39.702,0.7711,0.77135,1.00,1.75
2017.03.15 20:11:40.042,0.77115,0.77135,1.00,1.75
2017.03.15 20:11:41.055,0.7711,0.77135,1.00,2.25
2017.03.15 20:11:41.742,0.7711,0.77135,1.37,1.75
2017.03.15 20:11:42.284,0.7711,0.77129,1.00,1.00
2017.03.15 20:11:42.946,0.77106,0.77129,1.12,1.00
2017.03.15 20:11:43.139,0.77109,0.77129,1.00,1.00
2017.03.15 20:11:45.139,0.7711,0.77129,1.00,1.00
2017.03.15 20:11:45.240,0.77106,0.77128,1.00,1.00
2017.03.15 20:11:45.290,0.77105,0.77128,1.37,1.37
2017.03.15 20:11:45.808,0.77105,0.77128,1.00,1.75
2017.03.15 20:11:46.912,0.77103,0.77128,1.00,1.87
2017.03.15 20:11:47.064,0.77105,0.77125,1.00,1.50
2017.03.15 20:11:47.224,0.771,0.77124,1.12,1.75
2017.03.15 20:11:47.739,0.77099,0.77124,1.12,1.75
2017.03.15 20:11:47.840,0.77098,0.77124,1.75,1.87
2017.03.15 20:11:48.142,0.771,0.7712,1.12,1.00
2017.03.15 20:11:48.450,0.77101,0.77128,2.62,1.87
2017.03.15 20:11:48.629,0.77103,0.77129,1.50,1.37
2017.03.15 20:11:48.680,0.77102,0.77129,1.50,1.87
2017.03.15 20:11:49.233,0.77103,0.77128,1.37,1.75
2017.03.15 20:11:49.626,0.77101,0.77128,1.12,1.12
2017.03.15 20:11:50.430,0.77105,0.77127,1.00,1.12
2017.03.15 20:11:50.481,0.77102,0.77127,1.50,1.12
2017.03.15 20:11:50.632,0.77102,0.77125,1.00,1.50
2017.03.15 20:11:50.934,0.771,0.77126,2.25,2.62
2017.03.15 20:11:51.038,0.77102,0.77128,1.12,1.75
2017.03.15 20:11:51.088,0.77103,0.77129,1.12,1.75
2017.03.15 20:11:51.239,0.77104,0.77127,1.50,1.00
2017.03.15 20:11:51.803,0.7711,0.77127,1.00,1.00
2017.03.15 20:11:51.954,0.77105,0.7713,1.12,1.50
2017.03.15 20:11:52.005,0.77105,0.7713,1.12,1.00
2017.03.15 20:11:52.311,0.77108,0.77132,1.75,1.75
2017.03.15 20:11:52.418,0.77105,0.77132,1.75,1.75
2017.03.15 20:11:55.371,0.77103,0.77129,2.62,1.12
2017.03.15 20:11:55.422,0.77102,0.77129,3.37,1.50
2017.03.15 20:11:55.472,0.771,0.77128,1.75,1.75
2017.03.15 20:11:55.523,0.77102,0.77127,1.50,1.50
2017.03.15 20:11:55.573,0.77102,0.77127,1.12,1.75
2017.03.15 20:11:56.010,0.77102,0.77125,1.37,1.00
2017.03.15 20:12:04.118,0.77102,0.77126,1.50,1.12
2017.03.15 20:12:04.269,0.77095,0.77122,2.62,1.75
2017.03.15 20:12:07.747,0.77094,0.7712,1.87,1.12
2017.03.15 20:12:08.510,0.77094,0.77117,1.87,1.00
2017.03.15 20:12:09.014,0.77094,0.77117,2.25,1.00
2017.03.15 20:12:12.517,0.771,0.77117,1.00,1.00
2017.03.15 20:12:13.019,0.771,0.77121,1.00,1.75
2017.03.15 20:12:13.330,0.77096,0.77121,1.75,1.75
2017.03.15 20:12:13.496,0.771,0.77121,1.00,1.75
2017.03.15 20:12:13.810,0.77096,0.77121,1.37,1.87
2017.03.15 20:12:13.860,0.77096,0.77121,1.37,1.87
2017.03.15 20:12:14.492,0.77096,0.77121,1.87,1.87
2017.03.15 20:12:15.076,0.771,0.77121,1.00,1.87
2017.03.15 20:12:16.091,0.77096,0.77122,1.87,1.75
2017.03.15 20:12:16.610,0.77096,0.77119,1.50,1.00
2017.03.15 20:12:18.395,0.771,0.77121,1.00,1.12
2017.03.15 20:12:20.112,0.771,0.77126,1.37,1.75
2017.03.15 20:12:20.213,0.77101,0.77126,1.50,1.75
2017.03.15 20:12:21.035,0.77104,0.77127,1.00,1.87
2017.03.15 20:12:22.207,0.77104,0.77127,1.12,1.87
2017.03.15 20:12:22.308,0.77104,0.77127,1.00,1.87
2017.03.15 20:12:22.409,0.77102,0.77127,1.00,1.87
2017.03.15 20:12:28.723,0.771,0.77125,1.12,1.87
2017.03.15 20:12:30.914,0.77099,0.77122,1.12,1.50
2017.03.15 20:12:31.837,0.77099,0.77122,1.87,1.00
2017.03.15 20:12:32.582,0.77099,0.77122,2.62,1.00
2017.03.15 20:12:33.188,0.77099,0.77122,2.25,1.00
2017.03.15 20:12:33.340,0.77099,0.7712,1.00,1.75
2017.03.15 20:12:33.441,0.77097,0.7712,1.00,1.75
2017.03.15 20:12:33.843,0.77097,0.7712,1.12,1.00
2017.03.15 20:12:34.111,0.77094,0.7712,1.12,1.12
2017.03.15 20:12:34.214,0.77093,0.77118,1.87,1.50
2017.03.15 20:12:34.265,0.77093,0.77116,1.12,1.00
2017.03.15 20:12:34.770,0.77093,0.77116,1.00,1.87
2017.03.15 20:12:34.820,0.7709,0.77116,1.12,1.87
2017.03.15 20:12:35.201,0.77089,0.77114,1.12,1.37
2017.03.15 20:12:35.794,0.77089,0.77114,1.37,1.12
2017.03.15 20:12:37.834,0.77089,0.77114,1.00,1.12
2017.03.15 20:12:38.364,0.77085,0.77113,3.75,1.75
2017.03.15 20:12:39.224,0.77088,0.77111,1.37,1.00
2017.03.15 20:12:45.495,0.77091,0.77114,1.00,1.75
2017.03.15 20:12:45.696,0.77092,0.77115,1.12,1.12
2017.03.15 20:12:45.747,0.77092,0.77116,1.37,1.12
2017.03.15 20:12:46.011,0.77095,0.77118,1.00,1.50
2017.03.15 20:12:47.340,0.77093,0.77118,1.50,2.25
2017.03.15 20:12:48.489,0.77091,0.77115,1.75,1.75
2017.03.15 20:12:48.590,0.7709,0.77113,1.50,1.37
2017.03.15 20:12:48.752,0.77087,0.77112,1.87,1.50
2017.03.15 20:12:48.903,0.77083,0.77109,1.75,1.87
2017.03.15 20:12:48.954,0.77084,0.77108,1.00,1.75
2017.03.15 20:12:52.139,0.77085,0.77111,1.37,3.00
2017.03.15 20:12:52.291,0.77089,0.77113,1.12,1.87
2017.03.15 20:12:52.808,0.77089,0.77113,1.50,1.75
2017.03.15 20:12:52.858,0.77091,0.77116,1.12,1.12
2017.03.15 20:12:52.959,0.77091,0.77116,1.50,1.12
2017.03.15 20:12:53.518,0.77091,0.77116,1.87,1.37
2017.03.15 20:12:55.981,0.77093,0.77116,1.37,1.00
2017.03.15 20:12:56.423,0.77092,0.77115,2.25,1.37
2017.03.15 20:12:57.133,0.77092,0.77115,2.25,1.12
2017.03.15 20:12:57.889,0.77092,0.77116,1.75,1.00
2017.03.15 20:13:01.980,0.77093,0.77117,1.50,1.50
2017.03.15 20:13:02.182,0.77092,0.77116,1.12,1.87
2017.03.15 20:13:02.283,0.77091,0.77115,1.00,1.50
2017.03.15 20:13:05.412,0.77088,0.77111,1.75,1.12
2017.03.15 20:13:05.563,0.77084,0.77111,1.75,1.37
2017.03.15 20:13:05.614,0.77083,0.77108,1.75,1.37
2017.03.15 20:13:05.665,0.77083,0.77107,1.75,2.25
2017.03.15 20:13:05.766,0.77083,0.77105,1.12,1.37
2017.03.15 20:13:06.299,0.77081,0.77105,1.50,1.37
2017.03.15 20:13:06.602,0.77083,0.77105,1.50,1.37
2017.03.15 20:13:06.652,0.77084,0.77107,1.00,1.00
2017.03.15 20:13:06.703,0.77084,0.77107,1.50,1.75
2017.03.15 20:13:06.955,0.7708,0.77105,2.62,1.12
2017.03.15 20:13:07.256,0.77079,0.77104,1.75,1.75
2017.03.15 20:13:07.458,0.77078,0.771,1.50,1.00
2017.03.15 20:13:08.285,0.77078,0.77098,1.00,1.00
2017.03.15 20:13:09.812,0.77076,0.771,1.50,1.12
2017.03.15 20:13:10.379,0.77077,0.77099,1.00,1.12
2017.03.15 20:13:13.081,0.77077,0.77097,1.00,1.12
2017.03.15 20:13:13.237,0.77074,0.77096,1.12,1.12
2017.03.15 20:13:13.702,0.77071,0.77093,2.25,1.00
2017.03.15 20:13:14.435,0.77072,0.77092,1.12,1.00
2017.03.15 20:13:14.535,0.77074,0.77092,1.00,1.00
2017.03.15 20:13:14.744,0.7707,0.77092,1.12,1.37
2017.03.15 20:13:15.201,0.77068,0.77092,1.00,1.12
2017.03.15 20:13:16.644,0.77069,0.77092,1.00,1.12
2017.03.15 20:13:17.159,0.7707,0.77093,1.00,1.75
2017.03.15 20:13:17.387,0.7707,0.77094,1.50,1.12
2017.03.15 20:13:18.745,0.77069,0.77094,1.37,1.12
2017.03.15 20:13:19.334,0.77067,0.77093,1.75,1.87
2017.03.15 20:13:20.836,0.77065,0.77091,2.25,1.37
2017.03.15 20:13:20.887,0.77065,0.77091,2.25,1.12
2017.03.15 20:13:21.648,0.77065,0.77088,1.12,1.50
2017.03.15 20:13:22.926,0.77061,0.77087,1.75,1.75
2017.03.15 20:13:23.386,0.77065,0.77086,1.50,1.75
2017.03.15 20:13:23.703,0.77063,0.77087,1.75,1.37
2017.03.15 20:13:23.955,0.77057,0.7708,2.62,1.00
2017.03.15 20:13:24.005,0.77058,0.77085,2.25,2.25
2017.03.15 20:13:24.056,0.77059,0.77081,1.37,1.12
2017.03.15 20:13:24.106,0.77057,0.77078,1.00,1.37
2017.03.15 20:13:24.157,0.77057,0.77082,1.37,1.12
2017.03.15 20:13:24.308,0.77057,0.77081,1.50,1.12
2017.03.15 20:13:24.560,0.77058,0.77085,1.37,2.62
2017.03.15 20:13:24.610,0.77058,0.77085,1.75,2.62
2017.03.15 20:13:25.203,0.77062,0.77085,1.00,2.25
2017.03.15 20:13:25.304,0.77062,0.77085,1.00,1.87
2017.03.15 20:13:25.354,0.77061,0.77085,1.50,2.25
2017.03.15 20:13:25.962,0.7706,0.77085,1.87,1.87
2017.03.15 20:13:27.505,0.77059,0.77082,1.75,1.12
2017.03.15 20:13:27.707,0.77057,0.7708,1.75,1.37
2017.03.15 20:13:28.631,0.77056,0.7708,2.25,1.00
2017.03.15 20:13:29.384,0.77059,0.77083,1.00,2.62
2017.03.15 20:13:29.434,0.77057,0.77083,1.12,2.62
2017.03.15 20:13:29.485,0.77057,0.77084,1.87,1.87
2017.03.15 20:13:29.851,0.77056,0.77083,1.75,3.75
2017.03.15 20:13:29.902,0.77055,0.77079,1.50,1.87
2017.03.15 20:13:29.953,0.77055,0.77079,1.12,1.87
2017.03.15 20:13:30.500,0.77053,0.77078,1.37,1.12
2017.03.15 20:13:30.802,0.7705,0.77077,1.37,1.75
2017.03.15 20:13:31.165,0.77051,0.77074,1.37,1.00
2017.03.15 20:13:31.419,0.77055,0.77078,1.00,1.00
2017.03.15 20:13:32.382,0.77055,0.77077,1.00,1.00
2017.03.15 20:13:32.593,0.77052,0.77077,1.50,1.37
2017.03.15 20:13:32.644,0.77052,0.77075,1.50,1.00
2017.03.15 20:13:33.697,0.77054,0.77077,1.00,1.50
2017.03.15 20:13:35.857,0.77051,0.77078,1.75,1.75
2017.03.15 20:13:36.365,0.77051,0.77077,1.75,1.75
2017.03.15 20:13:40.246,0.77048,0.7707,1.75,1.00
2017.03.15 20:13:40.397,0.77046,0.77072,1.37,2.62
2017.03.15 20:13:40.448,0.77047,0.7707,1.00,1.00
2017.03.15 20:13:40.498,0.77045,0.77073,3.00,3.37
2017.03.15 20:13:41.246,0.77046,0.77071,1.87,1.75
2017.03.15 20:13:43.291,0.77047,0.7707,1.00,1.75
2017.03.15 20:13:43.442,0.77047,0.7707,1.50,1.50
2017.03.15 20:13:43.618,0.77047,0.7707,1.00,2.25
2017.03.15 20:13:44.288,0.77046,0.7707,1.87,2.25
2017.03.15 20:13:45.791,0.77048,0.7707,1.00,1.75
2017.03.15 20:13:46.312,0.77047,0.7707,1.00,1.75
2017.03.15 20:13:46.742,0.77047,0.7707,1.50,1.50
2017.03.15 20:13:49.221,0.77044,0.7707,1.50,2.25
2017.03.15 20:13:49.550,0.77045,0.7707,1.75,2.25
2017.03.15 20:13:50.635,0.77046,0.77074,2.25,1.75
2017.03.15 20:13:57.219,0.77046,0.77071,1.75,1.50
2017.03.15 20:13:57.837,0.77046,0.77071,1.37,1.75
2017.03.15 20:13:58.862,0.77044,0.77072,1.50,3.37
2017.03.15 20:13:59.187,0.77046,0.77069,1.00,1.00
2017.03.15 20:13:59.338,0.77045,0.77071,1.50,1.75
2017.03.15 20:13:59.618,0.77047,0.77068,1.12,1.00
2017.03.15 20:14:00.344,0.7704,0.77068,3.37,1.37
2017.03.15 20:14:00.394,0.77042,0.77069,1.75,1.75
2017.03.15 20:14:01.339,0.77041,0.77068,1.75,1.75
2017.03.15 20:14:01.944,0.77041,0.77068,1.37,1.75
2017.03.15 20:14:10.385,0.77038,0.77065,1.75,2.25
2017.03.15 20:14:12.140,0.77043,0.77067,1.00,2.62
2017.03.15 20:14:12.291,0.77046,0.77069,1.00,1.75
2017.03.15 20:14:13.171,0.77043,0.77069,1.50,1.75
2017.03.15 20:14:15.991,0.77044,0.77069,1.75,1.37
2017.03.15 20:14:16.098,0.77044,0.77069,1.12,1.75
2017.03.15 20:14:18.837,0.77045,0.77069,1.00,1.75
2017.03.15 20:14:19.508,0.77044,0.77069,1.12,1.75
2017.03.15 20:14:19.659,0.77047,0.77072,1.37,1.75
2017.03.15 20:14:20.164,0.77045,0.77073,2.25,1.75
2017.03.15 20:14:20.716,0.77046,0.77072,1.75,1.50
2017.03.15 20:14:21.182,0.77046,0.77072,1.50,1.75
2017.03.15 20:14:23.682,0.77044,0.77072,2.25,2.25
2017.03.15 20:14:24.109,0.7704,0.77069,1.75,2.62
2017.03.15 20:14:24.761,0.77044,0.77069,1.00,2.62
2017.03.15 20:14:25.013,0.77044,0.77067,1.00,1.00
2017.03.15 20:14:25.481,0.77044,0.77066,1.12,1.37
2017.03.15 20:14:26.008,0.77045,0.77069,1.00,2.62
2017.03.15 20:14:26.137,0.77045,0.77067,1.50,1.00
2017.03.15 20:14:27.943,0.77044,0.77067,1.00,1.00
2017.03.15 20:14:28.202,0.77044,0.77063,1.00,1.00
2017.03.15 20:14:28.353,0.77037,0.7706,1.00,1.75
2017.03.15 20:14:28.955,0.77036,0.7706,1.12,1.75
2017.03.15 20:14:31.390,0.77035,0.77058,1.00,1.37
2017.03.15 20:14:33.311,0.77034,0.77058,1.87,1.75
2017.03.15 20:14:35.440,0.77035,0.77061,1.00,4.12
2017.03.15 20:14:35.541,0.77035,0.77061,1.50,1.75
2017.03.15 20:14:35.915,0.77035,0.77056,1.00,1.12
2017.03.15 20:14:36.117,0.77031,0.77055,1.00,1.75
2017.03.15 20:14:36.755,0.77032,0.77055,1.00,1.75
2017.03.15 20:14:37.024,0.77032,0.77059,1.50,1.75
2017.03.15 20:14:37.528,0.77032,0.77059,1.75,1.75
2017.03.15 20:14:39.108,0.7703,0.77057,2.25,1.50
2017.03.15 20:14:39.158,0.77031,0.77057,1.12,1.75
2017.03.15 20:14:46.845,0.77031,0.77054,1.00,1.12
2017.03.15 20:14:47.462,0.77031,0.77054,1.12,1.50
2017.03.15 20:14:48.553,0.77027,0.77052,2.25,1.12
2017.03.15 20:14:48.971,0.77026,0.77048,1.50,1.87
2017.03.15 20:14:51.547,0.77024,0.77046,2.25,1.00
2017.03.15 20:14:51.862,0.77024,0.77046,1.50,1.37
2017.03.15 20:14:52.907,0.77023,0.77046,1.12,1.37
2017.03.15 20:14:53.330,0.77027,0.77051,1.00,1.75
2017.03.15 20:14:53.937,0.77026,0.77051,2.25,1.75
2017.03.15 20:14:55.737,0.77026,0.77052,1.87,1.87
2017.03.15 20:14:56.346,0.77026,0.77051,2.62,1.75
2017.03.15 20:14:57.828,0.77026,0.77051,2.62,1.87
2017.03.15 20:14:58.021,0.77029,0.77052,1.00,3.75
2017.03.15 20:15:00.262,0.77029,0.77052,1.00,1.75
2017.03.15 20:15:00.422,0.77029,0.77049,1.87,1.00
2017.03.15 20:15:00.928,0.77031,0.77054,1.37,1.75
2017.03.15 20:15:00.979,0.77031,0.77054,1.50,1.75
2017.03.15 20:15:01.416,0.77031,0.77055,2.25,1.75
2017.03.15 20:15:02.233,0.77031,0.77056,2.62,1.75
2017.03.15 20:15:02.284,0.77032,0.77056,1.75,1.75
2017.03.15 20:15:03.867,0.77033,0.77058,1.50,2.25
2017.03.15 20:15:05.982,0.77033,0.77057,1.00,1.75
2017.03.15 20:15:10.039,0.77034,0.77057,1.00,1.75
2017.03.15 20:15:10.191,0.77037,0.7706,2.62,1.75
2017.03.15 20:15:10.292,0.7704,0.77065,1.50,1.75
2017.03.15 20:15:10.343,0.7704,0.77066,3.37,1.75
2017.03.15 20:15:13.512,0.77041,0.77066,1.37,1.75
2017.03.15 20:15:14.882,0.77041,0.77062,1.75,1.00
2017.03.15 20:15:15.273,0.77042,0.77064,1.00,1.75
2017.03.15 20:15:21.810,0.77042,0.77064,1.50,1.75
2017.03.15 20:15:21.874,0.77042,0.77064,1.75,1.75
2017.03.15 20:15:26.623,0.77043,0.77067,1.87,3.37
2017.03.15 20:15:26.687,0.77043,0.77067,1.87,1.75
2017.03.15 20:15:32.215,0.77044,0.77067,1.50,1.37
2017.03.15 20:15:33.965,0.77043,0.77068,1.87,1.12
2017.03.15 20:15:34.065,0.77043,0.77067,1.87,1.12
2017.03.15 20:15:38.154,0.77044,0.77066,1.00,1.12
2017.03.15 20:15:39.396,0.77051,0.7707,1.00,2.62
2017.03.15 20:15:39.648,0.7707,0.77086,1.00,1.37
2017.03.15 20:15:39.799,0.77068,0.77089,1.00,1.75
2017.03.15 20:15:40.000,0.77066,0.77086,1.00,2.05
2017.03.15 20:15:40.151,0.7706,0.77086,2.25,2.05
2017.03.15 20:15:40.741,0.77063,0.77087,1.37,2.25
2017.03.15 20:15:41.755,0.77063,0.77085,1.37,1.00
2017.03.15 20:15:42.422,0.77065,0.77091,1.50,2.62
2017.03.15 20:15:42.473,0.77069,0.77095,3.37,3.00
2017.03.15 20:15:42.574,0.7707,0.77097,1.50,2.25
2017.03.15 20:15:43.263,0.77074,0.77097,1.00,1.50
2017.03.15 20:15:44.552,0.77073,0.77097,1.12,1.75
2017.03.15 20:15:45.770,0.77067,0.77094,3.37,1.50
2017.03.15 20:15:45.839,0.77067,0.77094,1.50,1.75
2017.03.15 20:15:47.016,0.7707,0.77094,1.00,1.75
2017.03.15 20:15:47.167,0.77067,0.77093,1.75,1.75
2017.03.15 20:15:47.402,0.77066,0.77093,2.25,1.75
2017.03.15 20:15:47.871,0.77073,0.77095,1.00,2.62
2017.03.15 20:15:48.072,0.77075,0.77098,1.00,1.00
2017.03.15 20:15:50.880,0.77076,0.77098,1.00,1.00
2017.03.15 20:15:50.981,0.77074,0.77095,1.75,1.00
2017.03.15 20:15:51.082,0.77069,0.77095,1.75,1.12
2017.03.15 20:15:51.183,0.77069,0.77095,2.25,1.75
2017.03.15 20:15:51.485,0.7707,0.77095,1.75,1.12
2017.03.15 20:15:53.068,0.77074,0.771,1.75,1.75
2017.03.15 20:15:53.445,0.7707,0.77095,2.62,1.00
2017.03.15 20:15:53.496,0.77068,0.77094,2.25,1.12
2017.03.15 20:15:53.597,0.77068,0.77094,3.00,1.75
2017.03.15 20:15:54.574,0.77071,0.77096,1.00,1.75
2017.03.15 20:15:54.675,0.77069,0.77096,3.00,1.75
2017.03.15 20:15:59.581,0.77069,0.77095,2.25,1.75
2017.03.15 20:15:59.682,0.77069,0.77092,1.00,1.00
2017.03.15 20:16:00.186,0.77065,0.77091,3.75,1.37
2017.03.15 20:16:00.237,0.77067,0.7709,1.00,1.00
2017.03.15 20:16:00.503,0.77065,0.77091,3.75,1.75
2017.03.15 20:16:00.817,0.77064,0.77081,1.75,1.00
2017.03.15 20:16:00.968,0.77061,0.77085,2.62,1.50
2017.03.15 20:16:01.069,0.77055,0.77076,1.75,1.00
2017.03.15 20:16:01.326,0.77051,0.77073,1.50,1.12
2017.03.15 20:16:01.528,0.77051,0.77076,1.00,1.75
2017.03.15 20:16:02.183,0.7705,0.7707,1.87,1.00
2017.03.15 20:16:02.843,0.7705,0.77069,1.87,1.00
2017.03.15 20:16:03.492,0.7705,0.77068,1.00,1.00
2017.03.15 20:16:04.566,0.7705,0.7707,1.00,1.50
2017.03.15 20:16:04.616,0.77048,0.7707,1.12,1.50
2017.03.15 20:16:05.423,0.7705,0.77069,1.00,1.12
2017.03.15 20:16:05.633,0.7705,0.77071,1.12,1.12
2017.03.15 20:16:08.648,0.77051,0.77073,1.00,1.75
2017.03.15 20:16:08.850,0.77051,0.77075,1.50,1.75
2017.03.15 20:16:09.727,0.7705,0.7707,1.00,1.00
2017.03.15 20:16:10.142,0.77048,0.77069,1.12,1.12
2017.03.15 20:16:10.394,0.77051,0.77071,1.00,1.75
2017.03.15 20:16:10.444,0.77051,0.77071,1.00,1.12
2017.03.15 20:16:10.986,0.7705,0.77071,1.12,1.12
2017.03.15 20:16:11.133,0.7705,0.77072,2.25,1.00
2017.03.15 20:16:11.440,0.77054,0.77078,1.00,2.62
2017.03.15 20:16:11.491,0.77052,0.77078,1.12,2.62
2017.03.15 20:16:11.541,0.77053,0.77072,1.75,1.00
2017.03.15 20:16:11.642,0.77057,0.77075,1.00,1.00
2017.03.15 20:16:11.744,0.7706,0.77075,1.00,1.00
2017.03.15 20:16:11.845,0.7706,0.77077,1.50,1.00
2017.03.15 20:16:11.996,0.77059,0.77075,1.00,1.00
2017.03.15 20:16:12.097,0.77059,0.77079,1.00,1.50
2017.03.15 20:16:12.415,0.77057,0.77079,1.12,1.50
2017.03.15 20:16:12.690,0.77065,0.77082,1.00,1.75
2017.03.15 20:16:12.892,0.77073,0.77092,1.00,1.00
2017.03.15 20:16:12.943,0.77076,0.77093,1.00,1.75
2017.03.15 20:16:13.044,0.77077,0.77094,1.12,1.00
2017.03.15 20:16:13.860,0.77073,0.77095,2.25,1.00
2017.03.15 20:16:14.036,0.77073,0.77093,2.25,1.00
2017.03.15 20:16:14.570,0.77073,0.77092,2.25,1.00
2017.03.15 20:16:15.624,0.77075,0.77093,1.37,1.00
2017.03.15 20:16:15.675,0.77075,0.77096,1.12,1.12
2017.03.15 20:16:15.725,0.77075,0.77096,1.50,1.12
2017.03.15 20:16:16.161,0.77078,0.77101,1.00,1.00
2017.03.15 20:16:17.215,0.77081,0.77104,1.12,1.50
2017.03.15 20:16:17.266,0.77081,0.77104,1.50,1.50
2017.03.15 20:16:17.367,0.77081,0.77104,1.75,1.00
2017.03.15 20:16:18.015,0.77081,0.77105,2.25,1.12
2017.03.15 20:16:18.373,0.77081,0.77102,1.75,1.00
2017.03.15 20:16:19.086,0.77081,0.77101,1.75,1.00
2017.03.15 20:16:19.636,0.77081,0.771,1.75,1.00
2017.03.15 20:16:19.838,0.7708,0.771,1.75,1.00
2017.03.15 20:16:26.004,0.7708,0.77101,1.75,1.00
2017.03.15 20:16:26.642,0.7708,0.771,1.75,1.00
2017.03.15 20:16:27.398,0.7708,0.77101,1.75,1.00
2017.03.15 20:16:28.982,0.7708,0.77102,2.25,1.00
2017.03.15 20:16:29.680,0.7708,0.77103,2.25,1.12
2017.03.15 20:16:30.190,0.77081,0.77102,1.75,1.00
2017.03.15 20:16:30.441,0.77081,0.77104,2.25,1.00
2017.03.15 20:16:32.252,0.77081,0.77103,2.25,1.00
2017.03.15 20:16:36.073,0.77081,0.77102,2.25,1.00
2017.03.15 20:16:36.249,0.77078,0.77097,2.62,1.00
2017.03.15 20:16:36.299,0.77076,0.77096,2.62,1.00
2017.03.15 20:16:36.400,0.77074,0.77094,1.75,1.00
2017.03.15 20:16:36.912,0.77074,0.77093,1.75,1.00
2017.03.15 20:16:37.552,0.77074,0.77094,1.75,1.00
2017.03.15 20:16:38.378,0.77073,0.77093,3.00,1.00
2017.03.15 20:16:38.749,0.77074,0.77095,1.75,1.00
2017.03.15 20:16:39.178,0.77074,0.77095,1.75,1.00
2017.03.15 20:16:39.685,0.77074,0.77094,1.75,1.00
2017.03.15 20:16:40.560,0.77074,0.77093,1.75,1.00
2017.03.15 20:16:41.285,0.77074,0.77097,1.75,1.00
2017.03.15 20:16:41.488,0.77077,0.77098,1.75,1.00
2017.03.15 20:16:43.273,0.77079,0.77099,1.75,1.00
2017.03.15 20:16:44.053,0.7708,0.77099,1.50,1.00
2017.03.15 20:16:45.435,0.7708,0.771,2.25,1.00
2017.03.15 20:16:46.574,0.7708,0.77101,2.25,1.00
2017.03.15 20:16:49.203,0.7708,0.771,3.00,1.00
2017.03.15 20:16:51.110,0.7708,0.77101,2.25,1.00
2017.03.15 20:16:51.900,0.77076,0.77095,3.37,1.00
2017.03.15 20:16:52.051,0.77079,0.77097,1.75,1.00
2017.03.15 20:16:52.189,0.77079,0.77105,1.75,1.50
2017.03.15 20:16:52.620,0.77076,0.77104,1.75,1.75
2017.03.15 20:16:52.945,0.77075,0.77097,2.25,1.00
2017.03.15 20:16:53.721,0.77075,0.77096,2.25,1.00
2017.03.15 20:16:57.325,0.77075,0.77097,3.00,1.00
2017.03.15 20:16:58.203,0.77076,0.77096,1.75,1.00
2017.03.15 20:16:58.472,0.7708,0.77102,1.12,1.50
2017.03.15 20:16:58.522,0.7708,0.77099,1.12,1.00
2017.03.15 20:16:58.853,0.7708,0.77101,3.75,1.00
2017.03.15 20:16:59.260,0.7708,0.77103,3.75,1.00
2017.03.15 20:16:59.361,0.77079,0.77101,2.25,1.00
2017.03.15 20:16:59.935,0.7708,0.77101,1.75,1.00
2017.03.15 20:17:00.351,0.7708,0.77099,1.75,1.00
2017.03.15 20:17:03.615,0.7708,0.77099,1.75,1.00
2017.03.15 20:17:03.981,0.7708,0.77099,1.75,1.00
2017.03.15 20:17:04.495,0.77079,0.771,3.37,1.00
2017.03.15 20:17:05.056,0.77083,0.77101,1.50,1.00
2017.03.15 20:17:06.565,0.77083,0.77102,1.50,1.00
2017.03.15 20:17:07.468,0.77083,0.77101,1.50,1.00
2017.03.15 20:17:08.017,0.7708,0.771,1.75,1.00
2017.03.15 20:17:09.210,0.7708,0.77101,1.75,1.00
2017.03.15 20:17:12.688,0.77083,0.77103,1.75,1.00
2017.03.15 20:17:12.789,0.77083,0.77103,1.75,1.00
2017.03.15 20:17:13.292,0.77086,0.77104,1.50,1.00
2017.03.15 20:17:13.935,0.77085,0.77106,1.75,1.00
2017.03.15 20:17:15.998,0.77085,0.77104,2.25,1.00
2017.03.15 20:17:16.105,0.77085,0.77104,2.25,1.00
2017.03.15 20:17:17.660,0.77085,0.77103,1.75,1.00
2017.03.15 20:17:18.186,0.77082,0.77102,1.75,1.00
2017.03.15 20:17:18.356,0.77082,0.77102,1.75,1.00
2017.03.15 20:17:18.558,0.7708,0.771,1.75,1.00
2017.03.15 20:17:19.047,0.7708,0.77102,1.75,1.00
2017.03.15 20:17:19.596,0.7708,0.77101,2.25,1.00
2017.03.15 20:17:19.697,0.77083,0.77104,1.12,1.12
2017.03.15 20:17:19.798,0.77083,0.77106,1.37,1.50
2017.03.15 20:17:20.345,0.77083,0.77111,1.75,3.00
2017.03.15 20:17:25.949,0.77083,0.77105,1.75,1.00
2017.03.15 20:17:26.506,0.77083,0.77104,1.75,1.00
2017.03.15 20:17:27.053,0.77083,0.77103,1.75,1.00
2017.03.15 20:17:27.506,0.77085,0.77105,1.37,1.00
2017.03.15 20:17:27.607,0.77085,0.77107,1.50,1.00
2017.03.15 20:17:28.426,0.77085,0.77104,1.50,1.00
2017.03.15 20:17:28.527,0.77086,0.77107,1.00,1.50
2017.03.15 20:17:28.999,0.77085,0.77108,1.00,2.62
2017.03.15 20:17:29.049,0.77081,0.77101,1.12,1.00
2017.03.15 20:17:29.251,0.77078,0.77099,1.75,1.00
