2013.12.16 06:00:00.005,0.79546,0.79573,1.53,1.65
2013.12.16 06:00:00.055,0.79546,0.79573,1.53,1.65
2013.12.16 06:00:00.725,0.79545,0.79569,3.08,1.00
2013.12.16 06:00:01.926,0.79554,0.79569,2.25,1.00
2013.12.16 06:00:02.077,0.79548,0.79569,4.88,1.00
2013.12.16 06:00:02.128,0.79552,0.79577,1.90,1.65
2013.12.16 06:00:02.229,0.79554,0.79578,2.40,1.15
2013.12.16 06:00:02.380,0.79557,0.79582,1.28,1.18
2013.12.16 06:00:02.481,0.79561,0.79582,2.40,1.00
2013.12.16 06:00:02.632,0.79567,0.79594,1.53,1.28
2013.12.16 06:00:02.884,0.79568,0.79594,3.08,1.08
2013.12.16 06:00:03.375,0.79569,0.79588,1.53,1.00
2013.12.16 06:00:03.594,0.79567,0.79594,3.45,1.15
2013.12.16 06:00:05.833,0.79567,0.79594,2.70,1.15
2013.12.16 06:00:05.884,0.79566,0.79594,1.65,1.15
2013.12.16 06:00:06.086,0.79565,0.79584,1.28,1.00
2013.12.16 06:00:06.338,0.79564,0.79589,3.08,1.10
2013.12.16 06:00:07.801,0.79564,0.79589,3.45,1.18
2013.12.16 06:00:07.901,0.79561,0.79583,1.15,1.00
2013.12.16 06:00:08.053,0.79558,0.79583,1.53,1.15
2013.12.16 06:00:09.604,0.79552,0.79583,2.78,1.53
2013.12.16 06:00:09.914,0.79544,0.79568,3.08,1.20
2013.12.16 06:00:10.115,0.79542,0.79568,1.15,2.70
2013.12.16 06:00:10.166,0.79542,0.79568,1.15,2.70
2013.12.16 06:00:10.217,0.79542,0.79568,1.15,1.53
2013.12.16 06:00:11.444,0.79542,0.79568,1.15,1.53
2013.12.16 06:00:11.650,0.79542,0.79568,1.15,1.18
2013.12.16 06:00:20.911,0.79542,0.79568,1.15,1.15
2013.12.16 06:00:20.962,0.79542,0.79568,1.15,1.15
2013.12.16 06:00:38.444,0.79538,0.79564,2.40,1.53
2013.12.16 06:00:55.396,0.79542,0.79568,1.08,3.83
2013.12.16 06:00:55.899,0.79542,0.79568,1.15,2.40
2013.12.16 06:01:10.603,0.79542,0.79565,1.08,2.70
2013.12.16 06:01:10.654,0.79536,0.79558,2.78,1.18
2013.12.16 06:01:10.807,0.79532,0.79558,3.53,1.18
2013.12.16 06:01:10.857,0.79532,0.79558,3.53,1.15
2013.12.16 06:01:15.414,0.79533,0.79559,1.15,1.08
2013.12.16 06:01:15.515,0.79533,0.79559,3.08,1.08
2013.12.16 06:01:17.934,0.79533,0.79553,2.70,1.00
2013.12.16 06:01:18.035,0.79529,0.79553,3.45,1.00
2013.12.16 06:01:18.136,0.79532,0.79562,1.53,1.53
2013.12.16 06:01:26.853,0.79529,0.79554,4.58,1.00
2013.12.16 06:01:38.366,0.79529,0.79554,1.28,1.00
2013.12.16 06:02:03.919,0.79529,0.79554,1.15,1.38
2013.12.16 06:02:06.682,0.79527,0.79554,1.65,1.53
2013.12.16 06:02:27.409,0.79526,0.79556,3.08,2.03
2013.12.16 06:02:27.460,0.79526,0.79556,1.15,2.03
2013.12.16 06:02:47.399,0.79526,0.79558,3.08,2.03
2013.12.16 06:02:50.080,0.79526,0.79549,3.08,1.00
2013.12.16 06:02:54.183,0.79527,0.79548,1.65,1.00
2013.12.16 06:03:08.287,0.79525,0.79548,1.53,1.00
2013.12.16 06:03:19.157,0.79524,0.79553,4.95,1.28
2013.12.16 06:03:20.072,0.79527,0.79553,1.15,1.28
2013.12.16 06:03:20.123,0.79527,0.79553,1.15,1.28
2013.12.16 06:03:22.652,0.79527,0.79548,1.15,1.08
2013.12.16 06:03:22.703,0.79522,0.79548,3.45,1.18
2013.12.16 06:03:25.553,0.79526,0.79554,3.53,1.53
2013.12.16 06:03:25.653,0.79527,0.79554,2.70,1.10
2013.12.16 06:03:43.788,0.79527,0.79554,4.20,1.18
2013.12.16 06:03:43.839,0.79527,0.79554,2.03,1.15
2013.12.16 06:03:55.523,0.79527,0.79554,2.70,1.18
2013.12.16 06:03:55.624,0.79527,0.79554,2.70,1.10
2013.12.16 06:04:06.820,0.79531,0.79558,1.53,1.15
2013.12.16 06:04:07.123,0.79537,0.79567,3.08,1.65
2013.12.16 06:04:07.274,0.79539,0.79568,7.13,1.15
2013.12.16 06:04:26.690,0.79541,0.79564,1.15,1.00
2013.12.16 06:04:59.318,0.79536,0.79564,6.00,1.15
2013.12.16 06:05:01.510,0.79536,0.79563,1.15,2.03
2013.12.16 06:05:01.840,0.79533,0.79564,2.70,2.78
2013.12.16 06:05:06.408,0.79533,0.79561,3.45,2.03
2013.12.16 06:05:07.641,0.79537,0.79563,1.53,1.15
2013.12.16 06:05:07.943,0.79539,0.79568,4.20,1.15
2013.12.16 06:05:11.129,0.79541,0.79563,1.53,1.00
2013.12.16 06:05:11.666,0.79542,0.79563,4.20,1.00
2013.12.16 06:05:12.135,0.79546,0.79569,1.28,1.20
2013.12.16 06:05:15.211,0.79543,0.79563,2.03,1.00
2013.12.16 06:05:19.940,0.79541,0.79563,2.03,1.00
2013.12.16 06:05:20.142,0.7954,0.79563,1.65,1.10
2013.12.16 06:05:23.744,0.79543,0.79563,3.08,1.00
2013.12.16 06:05:24.291,0.79543,0.79564,3.08,1.00
2013.12.16 06:05:25.499,0.79541,0.79564,2.03,1.00
2013.12.16 06:05:37.129,0.79542,0.79568,1.15,1.53
2013.12.16 06:05:38.649,0.79543,0.79563,2.33,1.00
2013.12.16 06:05:45.150,0.79543,0.79569,3.45,1.08
2013.12.16 06:05:52.864,0.79545,0.79569,2.33,1.00
2013.12.16 06:05:53.654,0.79543,0.79569,2.33,1.18
2013.12.16 06:05:59.208,0.79543,0.79563,2.33,1.00
2013.12.16 06:06:09.389,0.79542,0.79563,1.65,1.00
2013.12.16 06:06:23.109,0.79541,0.79569,1.15,1.15
2013.12.16 06:06:38.559,0.79543,0.79569,2.33,1.18
2013.12.16 06:06:38.610,0.79544,0.79569,2.33,1.18
2013.12.16 06:06:59.477,0.79551,0.79574,1.15,1.15
2013.12.16 06:07:05.792,0.79551,0.79574,1.53,1.08
2013.12.16 06:07:06.043,0.79556,0.79579,1.15,1.53
2013.12.16 06:07:06.345,0.79552,0.79573,2.03,1.00
2013.12.16 06:07:08.066,0.79556,0.79579,1.15,1.53
2013.12.16 06:07:09.176,0.79556,0.79579,1.15,1.00
2013.12.16 06:07:21.470,0.79558,0.79579,3.08,1.00
2013.12.16 06:07:22.043,0.79556,0.79579,1.28,1.00
2013.12.16 06:07:25.262,0.79557,0.79583,1.15,1.28
2013.12.16 06:07:25.358,0.79557,0.79578,1.15,1.00
2013.12.16 06:07:42.327,0.79557,0.79578,1.15,1.00
2013.12.16 06:07:43.209,0.79558,0.79578,1.15,1.00
2013.12.16 06:07:43.310,0.79562,0.79583,1.15,1.55
2013.12.16 06:08:03.432,0.79562,0.79583,1.18,1.18
2013.12.16 06:08:10.407,0.79557,0.79578,2.78,1.00
2013.12.16 06:08:13.848,0.79561,0.79584,1.15,1.28
2013.12.16 06:08:14.049,0.79561,0.79584,1.15,1.13
2013.12.16 06:08:22.066,0.79562,0.79583,1.15,1.00
2013.12.16 06:08:23.056,0.79562,0.79588,1.15,1.28
2013.12.16 06:08:40.106,0.7956,0.79583,2.03,1.00
2013.12.16 06:08:55.408,0.79559,0.79583,2.03,1.00
2013.12.16 06:09:03.598,0.79561,0.79583,2.70,1.00
2013.12.16 06:09:04.085,0.79561,0.79589,3.45,1.15
2013.12.16 06:09:04.808,0.79564,0.79593,2.40,1.15
2013.12.16 06:09:04.859,0.79564,0.79593,2.40,1.15
2013.12.16 06:09:08.196,0.79567,0.79597,2.03,2.70
2013.12.16 06:09:08.246,0.79567,0.79599,2.03,3.45
2013.12.16 06:09:08.405,0.79568,0.79589,1.65,1.00
2013.12.16 06:09:08.646,0.79566,0.79594,3.45,1.15
2013.12.16 06:09:12.370,0.79567,0.79588,1.65,1.00
2013.12.16 06:09:14.505,0.79566,0.79588,1.53,1.10
2013.12.16 06:09:15.126,0.79564,0.79588,2.40,1.10
2013.12.16 06:09:25.331,0.79562,0.79584,2.03,1.18
2013.12.16 06:09:25.533,0.79562,0.79584,1.65,1.15
2013.12.16 06:09:39.063,0.79555,0.79578,2.03,1.00
2013.12.16 06:09:46.449,0.79554,0.79578,2.40,1.10
2013.12.16 06:09:53.295,0.79553,0.79578,2.70,1.18
2013.12.16 06:09:53.345,0.79552,0.79578,1.28,1.15
2013.12.16 06:09:53.396,0.79551,0.79569,1.65,1.00
2013.12.16 06:09:53.915,0.79548,0.79569,2.40,1.00
2013.12.16 06:09:57.999,0.79549,0.79564,1.65,1.00
2013.12.16 06:10:01.835,0.79547,0.79568,3.45,1.00
2013.12.16 06:10:08.102,0.79552,0.79573,1.53,1.15
2013.12.16 06:10:08.658,0.79552,0.79568,1.53,1.00
2013.12.16 06:10:09.354,0.79551,0.79574,1.53,1.15
2013.12.16 06:10:09.753,0.79551,0.79569,1.53,1.00
2013.12.16 06:10:10.534,0.79552,0.79573,1.53,1.15
2013.12.16 06:10:14.339,0.79552,0.79573,1.28,1.08
2013.12.16 06:10:15.069,0.79552,0.79573,1.28,1.00
2013.12.16 06:10:35.433,0.79552,0.79573,1.53,1.20
2013.12.16 06:10:39.332,0.79547,0.79568,6.38,1.00
2013.12.16 06:10:54.123,0.79551,0.79574,1.53,1.15
2013.12.16 06:10:54.684,0.79551,0.79574,1.53,1.00
2013.12.16 06:11:08.812,0.79549,0.79569,7.13,1.00
2013.12.16 06:11:09.539,0.79548,0.79569,2.03,1.00
2013.12.16 06:11:22.196,0.79552,0.79573,1.15,1.20
2013.12.16 06:11:30.391,0.79552,0.79573,1.28,1.20
2013.12.16 06:11:36.027,0.79552,0.79573,1.28,1.00
2013.12.16 06:11:56.363,0.79552,0.79573,1.28,1.00
2013.12.16 06:12:09.412,0.79551,0.79568,2.03,1.00
2013.12.16 06:12:24.112,0.79551,0.79574,1.28,1.00
2013.12.16 06:12:27.419,0.79557,0.79578,1.18,1.18
2013.12.16 06:12:27.851,0.79551,0.79574,3.53,1.00
2013.12.16 06:12:37.447,0.79551,0.79574,2.78,1.00
2013.12.16 06:12:37.547,0.79553,0.79574,1.65,1.00
2013.12.16 06:12:38.772,0.79556,0.79579,1.15,1.00
2013.12.16 06:12:39.274,0.79559,0.79584,1.15,1.15
2013.12.16 06:12:39.325,0.79559,0.79579,1.15,1.00
2013.12.16 06:12:39.538,0.79557,0.79579,1.65,1.00
2013.12.16 06:12:39.848,0.79555,0.79573,3.08,1.00
2013.12.16 06:12:40.333,0.79553,0.79573,2.70,1.00
2013.12.16 06:12:41.721,0.79553,0.79578,2.70,1.10
2013.12.16 06:12:42.421,0.79553,0.79574,3.45,1.00
2013.12.16 06:12:45.378,0.79556,0.79579,1.15,1.28
2013.12.16 06:12:45.805,0.79553,0.79573,3.08,1.00
2013.12.16 06:12:46.371,0.79556,0.79579,1.15,1.28
2013.12.16 06:12:46.572,0.79555,0.79573,2.03,1.00
2013.12.16 06:12:47.042,0.79552,0.79573,1.53,1.00
2013.12.16 06:12:56.341,0.79551,0.79579,1.53,1.15
2013.12.16 06:12:58.145,0.79552,0.79579,3.08,1.08
2013.12.16 06:12:58.195,0.79554,0.79579,3.08,1.10
2013.12.16 06:12:58.454,0.79557,0.79583,1.65,1.18
2013.12.16 06:12:58.505,0.79557,0.79583,3.83,1.18
2013.12.16 06:12:58.555,0.79557,0.79578,3.08,1.00
2013.12.16 06:12:58.606,0.79556,0.79578,2.40,1.00
2013.12.16 06:12:59.009,0.79557,0.79583,1.53,1.15
2013.12.16 06:13:04.316,0.79556,0.79584,2.03,1.15
2013.12.16 06:13:04.417,0.79554,0.79579,2.03,1.18
2013.12.16 06:13:05.205,0.79555,0.79579,3.45,1.08
2013.12.16 06:13:05.255,0.79555,0.79579,5.63,1.00
2013.12.16 06:13:05.407,0.79556,0.79583,1.53,1.15
2013.12.16 06:13:05.860,0.79558,0.79588,2.70,1.15
2013.12.16 06:13:05.911,0.7956,0.79588,2.33,2.40
2013.12.16 06:13:06.062,0.79563,0.79588,2.33,1.08
2013.12.16 06:13:06.113,0.79564,0.79588,2.33,1.00
2013.12.16 06:13:06.163,0.79564,0.79583,2.33,1.00
2013.12.16 06:13:06.264,0.79562,0.79583,1.15,1.00
2013.12.16 06:13:06.365,0.79562,0.79588,1.15,1.18
2013.12.16 06:13:06.572,0.79562,0.79583,1.15,1.00
2013.12.16 06:13:07.489,0.79561,0.79589,1.15,1.28
2013.12.16 06:13:07.540,0.79559,0.79589,1.28,2.78
2013.12.16 06:13:08.067,0.79559,0.79583,1.53,1.00
2013.12.16 06:13:09.108,0.79559,0.79589,1.53,2.78
2013.12.16 06:13:11.507,0.79557,0.79584,2.70,1.18
2013.12.16 06:13:11.558,0.79556,0.79584,1.13,1.15
2013.12.16 06:13:13.174,0.79556,0.79584,5.55,1.15
2013.12.16 06:13:13.275,0.79556,0.79584,7.73,1.15
2013.12.16 06:13:13.647,0.79556,0.79578,4.80,1.10
2013.12.16 06:13:13.700,0.79556,0.79578,2.63,1.20
2013.12.16 06:13:14.486,0.79556,0.79584,4.43,1.15
2013.12.16 06:13:14.566,0.79556,0.79584,4.43,1.15
2013.12.16 06:13:20.100,0.79557,0.79579,3.15,1.00
2013.12.16 06:13:20.611,0.79557,0.79578,3.90,1.00
2013.12.16 06:13:21.277,0.79557,0.79579,3.15,1.00
2013.12.16 06:13:22.311,0.79557,0.79578,1.65,1.00
2013.12.16 06:13:35.379,0.79558,0.79578,2.78,1.00
2013.12.16 06:13:41.151,0.79557,0.79578,1.65,1.00
2013.12.16 06:13:41.372,0.79553,0.79574,4.95,1.00
2013.12.16 06:13:41.523,0.79553,0.79574,2.78,1.00
2013.12.16 06:13:45.511,0.79552,0.79579,2.03,1.15
2013.12.16 06:13:48.395,0.79552,0.79574,2.03,1.00
2013.12.16 06:13:48.737,0.79552,0.79568,2.03,1.00
2013.12.16 06:13:49.154,0.79551,0.79574,1.53,1.00
2013.12.16 06:13:49.205,0.79551,0.79574,1.53,1.08
2013.12.16 06:13:49.255,0.79551,0.79574,1.53,1.15
2013.12.16 06:13:49.356,0.79551,0.79574,1.53,1.00
2013.12.16 06:13:52.587,0.7955,0.79568,2.03,1.00
2013.12.16 06:14:00.142,0.7955,0.79573,3.15,1.00
2013.12.16 06:14:02.832,0.79551,0.79574,1.65,1.00
2013.12.16 06:14:03.410,0.79552,0.79573,1.28,1.00
2013.12.16 06:14:09.321,0.79552,0.79573,1.28,1.00
2013.12.16 06:14:33.751,0.79551,0.79574,3.08,1.00
2013.12.16 06:14:34.054,0.79554,0.79574,1.15,1.00
2013.12.16 06:14:34.563,0.79554,0.79573,1.53,1.00
2013.12.16 06:14:41.339,0.79557,0.79578,1.15,1.00
2013.12.16 06:14:41.559,0.79553,0.79573,4.88,1.00
2013.12.16 06:14:41.999,0.79556,0.79579,1.15,1.00
2013.12.16 06:14:51.680,0.79553,0.79574,5.63,1.00
2013.12.16 06:14:54.416,0.79553,0.79574,1.28,1.00
2013.12.16 06:14:56.850,0.79557,0.79578,1.15,1.20
2013.12.16 06:15:00.540,0.79557,0.79578,1.15,1.10
2013.12.16 06:15:01.067,0.79557,0.79578,1.15,1.00
2013.12.16 06:15:03.120,0.79554,0.79574,2.70,1.00
2013.12.16 06:15:05.418,0.79556,0.79579,1.15,1.00
2013.12.16 06:15:06.158,0.79556,0.79579,1.15,1.08
2013.12.16 06:15:06.958,0.79553,0.79574,4.95,1.00
2013.12.16 06:15:12.847,0.79552,0.79574,1.83,1.00
2013.12.16 06:15:13.110,0.79552,0.79568,1.83,1.00
2013.12.16 06:15:14.043,0.7955,0.79568,2.03,1.00
2013.12.16 06:15:34.397,0.79548,0.79568,2.03,1.00
2013.12.16 06:15:41.670,0.79548,0.79563,1.65,1.00
2013.12.16 06:15:44.970,0.7955,0.79563,1.65,1.00
2013.12.16 06:15:45.121,0.79552,0.79573,1.28,1.00
2013.12.16 06:15:45.322,0.79549,0.79568,2.40,1.00
2013.12.16 06:15:47.555,0.79551,0.79568,2.40,1.00
2013.12.16 06:15:47.656,0.79553,0.79574,1.65,1.00
2013.12.16 06:15:48.206,0.79553,0.79573,1.65,1.00
2013.12.16 06:15:55.222,0.79556,0.79573,1.65,1.00
2013.12.16 06:15:59.537,0.79559,0.79573,2.33,1.00
2013.12.16 06:16:00.038,0.79559,0.79579,3.08,1.00
2013.12.16 06:16:09.348,0.79559,0.79574,3.45,1.00
2013.12.16 06:16:09.870,0.79559,0.79579,3.45,1.00
2013.12.16 06:16:10.383,0.79563,0.79579,1.53,1.00
2013.12.16 06:16:14.633,0.79564,0.79579,3.45,1.00
2013.12.16 06:16:25.367,0.79563,0.79579,1.28,1.00
2013.12.16 06:16:27.820,0.79561,0.79584,3.45,1.00
2013.12.16 06:16:27.880,0.79561,0.79584,1.53,1.00
2013.12.16 06:16:28.057,0.79559,0.79578,4.88,1.00
2013.12.16 06:16:28.321,0.79558,0.79578,1.45,1.00
2013.12.16 06:16:36.817,0.79558,0.79574,1.13,1.00
2013.12.16 06:16:48.318,0.79557,0.79574,1.53,1.00
2013.12.16 06:16:49.903,0.79558,0.79578,1.90,1.00
2013.12.16 06:16:49.954,0.79558,0.79578,3.83,1.00
2013.12.16 06:16:50.564,0.7956,0.79578,1.53,1.00
2013.12.16 06:16:52.826,0.79557,0.79578,1.90,1.00
2013.12.16 06:17:21.276,0.79556,0.79573,3.08,1.00
2013.12.16 06:17:22.876,0.79557,0.79578,1.90,1.00
2013.12.16 06:17:33.471,0.79557,0.79578,1.90,1.00
2013.12.16 06:17:35.852,0.79557,0.79578,1.90,1.00
2013.12.16 06:17:39.358,0.79557,0.79578,1.90,1.00
2013.12.16 06:17:40.241,0.79557,0.79578,1.90,1.00
2013.12.16 06:17:57.919,0.79557,0.79578,3.15,1.00
2013.12.16 06:17:57.969,0.79557,0.79578,3.15,1.00
2013.12.16 06:17:58.373,0.79557,0.79578,1.65,1.08
2013.12.16 06:17:58.675,0.79552,0.79569,2.03,1.00
2013.12.16 06:17:58.876,0.79549,0.79569,4.58,1.00
2013.12.16 06:17:58.977,0.79548,0.79569,3.00,1.00
2013.12.16 06:17:59.078,0.79551,0.79574,1.53,1.10
2013.12.16 06:17:59.606,0.79548,0.79568,3.00,1.00
2013.12.16 06:18:27.236,0.79548,0.79568,1.50,1.00
2013.12.16 06:18:59.629,0.79548,0.79578,2.40,3.08
2013.12.16 06:19:08.367,0.79548,0.7958,2.40,2.33
2013.12.16 06:19:08.784,0.79548,0.79563,2.40,1.00
2013.12.16 06:19:23.656,0.79547,0.79568,3.83,1.00
2013.12.16 06:19:28.322,0.79547,0.79568,1.65,1.00
2013.12.16 06:19:34.995,0.79547,0.79568,1.15,1.00
2013.12.16 06:19:42.935,0.79544,0.79563,1.83,1.00
2013.12.16 06:20:35.046,0.79547,0.79563,1.13,1.00
2013.12.16 06:20:36.300,0.79547,0.79563,1.28,1.00
2013.12.16 06:20:50.195,0.79546,0.79564,1.13,1.00
2013.12.16 06:20:50.303,0.79546,0.79569,1.88,1.00
2013.12.16 06:20:57.673,0.79546,0.79564,1.13,1.00
2013.12.16 06:21:05.185,0.79546,0.79564,1.13,1.00
2013.12.16 06:21:25.473,0.79541,0.79564,1.65,1.00
2013.12.16 06:21:45.434,0.79542,0.79564,2.03,1.00
2013.12.16 06:21:55.424,0.79542,0.79564,2.03,1.10
2013.12.16 06:21:55.942,0.79541,0.79564,2.78,1.10
2013.12.16 06:21:56.512,0.79541,0.79564,2.78,1.10
2013.12.16 06:21:56.741,0.79541,0.79564,2.78,1.10
2013.12.16 06:22:00.202,0.7954,0.79572,2.40,3.08
2013.12.16 06:22:00.904,0.79541,0.79571,2.03,1.15
2013.12.16 06:22:01.302,0.79541,0.79571,2.03,1.15
2013.12.16 06:22:01.454,0.79541,0.79571,2.03,1.15
2013.12.16 06:22:01.971,0.79541,0.79571,2.03,1.15
2013.12.16 06:22:02.544,0.7954,0.79572,2.40,3.08
2013.12.16 06:22:02.595,0.7954,0.79558,2.40,1.00
2013.12.16 06:22:09.529,0.79541,0.79559,5.70,1.00
2013.12.16 06:22:09.865,0.79542,0.79564,2.03,1.00
2013.12.16 06:22:11.004,0.79543,0.79564,2.70,1.00
2013.12.16 06:22:12.621,0.79546,0.79569,2.78,1.00
2013.12.16 06:22:12.954,0.79547,0.79564,2.03,1.00
2013.12.16 06:22:13.625,0.79546,0.79564,2.03,1.00
2013.12.16 06:22:15.884,0.79544,0.79558,2.03,1.00
2013.12.16 06:22:16.129,0.79542,0.79558,2.40,1.00
2013.12.16 06:22:17.445,0.79542,0.79558,1.65,1.00
2013.12.16 06:22:19.451,0.79537,0.79558,2.03,1.00
2013.12.16 06:22:40.326,0.79537,0.79558,1.53,1.00
2013.12.16 06:22:40.377,0.79537,0.79558,1.53,1.00
2013.12.16 06:22:42.205,0.79537,0.79558,2.78,1.00
2013.12.16 06:22:42.306,0.79542,0.79563,1.55,1.18
2013.12.16 06:22:42.615,0.79538,0.79559,2.03,1.00
2013.12.16 06:22:43.196,0.79542,0.79563,1.55,1.18
2013.12.16 06:22:49.665,0.79539,0.79559,2.03,1.00
2013.12.16 06:22:50.017,0.79537,0.79563,1.90,1.18
2013.12.16 06:22:50.118,0.79537,0.79558,1.90,1.00
2013.12.16 06:22:50.707,0.79537,0.79558,1.90,1.00
2013.12.16 06:22:54.418,0.79541,0.79564,1.28,1.15
2013.12.16 06:22:58.683,0.79547,0.79568,1.00,2.40
2013.12.16 06:22:59.012,0.79542,0.79568,1.53,2.40
2013.12.16 06:23:05.849,0.79542,0.79563,1.20,1.15
2013.12.16 06:23:05.950,0.79542,0.79563,1.13,1.15
2013.12.16 06:23:10.761,0.79542,0.79563,1.38,1.15
2013.12.16 06:23:10.913,0.79541,0.79568,1.53,1.65
2013.12.16 06:23:18.536,0.79541,0.7957,2.78,1.15
2013.12.16 06:23:18.586,0.79541,0.79572,2.78,2.03
2013.12.16 06:23:38.479,0.79547,0.79573,1.15,2.78
2013.12.16 06:23:59.267,0.79547,0.79572,1.15,1.65
2013.12.16 06:23:59.318,0.79547,0.79572,1.15,1.65
2013.12.16 06:23:59.953,0.79542,0.79568,1.65,1.15
2013.12.16 06:24:03.081,0.79539,0.79564,2.78,1.28
2013.12.16 06:24:03.132,0.79539,0.79564,2.78,1.28
2013.12.16 06:24:03.232,0.79536,0.79564,1.28,1.28
2013.12.16 06:24:03.736,0.79536,0.79564,1.53,1.28
2013.12.16 06:24:03.786,0.79536,0.79564,1.53,1.28
2013.12.16 06:24:17.968,0.79539,0.79569,3.45,1.15
2013.12.16 06:24:35.731,0.79542,0.79568,1.18,2.78
2013.12.16 06:24:35.781,0.79542,0.79568,1.18,4.95
2013.12.16 06:24:42.161,0.79536,0.79558,1.53,1.08
2013.12.16 06:24:42.262,0.79532,0.79558,3.83,1.18
2013.12.16 06:24:44.669,0.79531,0.79559,4.95,1.15
2013.12.16 06:24:44.726,0.79531,0.79559,2.78,1.15
2013.12.16 06:24:49.101,0.79541,0.7956,1.00,1.65
2013.12.16 06:24:49.201,0.79537,0.7956,1.10,1.65
2013.12.16 06:24:49.302,0.79541,0.79561,1.00,1.65
2013.12.16 06:24:49.640,0.79541,0.79561,1.00,1.65
2013.12.16 06:24:59.430,0.79536,0.79564,1.53,1.15
2013.12.16 06:25:01.259,0.79536,0.79564,1.53,1.15
2013.12.16 06:25:01.369,0.79536,0.79564,1.53,1.15
2013.12.16 06:25:05.718,0.79536,0.79564,1.53,1.15
2013.12.16 06:25:19.818,0.79541,0.79564,1.28,1.20
2013.12.16 06:25:35.680,0.79541,0.79564,1.28,1.15
2013.12.16 06:25:38.890,0.79537,0.79558,3.15,1.00
2013.12.16 06:25:38.991,0.79537,0.79558,3.15,1.00
2013.12.16 06:25:42.130,0.79541,0.79564,1.20,1.15
2013.12.16 06:25:54.400,0.79547,0.79563,1.00,1.15
2013.12.16 06:25:58.131,0.79547,0.79563,1.00,1.15
2013.12.16 06:25:59.349,0.79541,0.79559,1.00,1.15
2013.12.16 06:26:09.701,0.79541,0.79559,1.08,1.08
2013.12.16 06:26:09.803,0.79541,0.79564,1.15,1.15
2013.12.16 06:26:14.178,0.79541,0.79564,1.13,1.15
2013.12.16 06:26:14.758,0.79541,0.79564,1.38,1.15
2013.12.16 06:26:15.277,0.79541,0.79564,1.00,1.15
2013.12.16 06:26:27.098,0.79542,0.79558,1.00,1.20
2013.12.16 06:26:33.370,0.79541,0.79559,1.00,1.15
2013.12.16 06:26:33.912,0.79541,0.79559,1.18,1.00
2013.12.16 06:26:38.709,0.79541,0.79559,1.10,1.08
2013.12.16 06:26:39.060,0.79537,0.79553,1.15,1.00
2013.12.16 06:26:39.401,0.79537,0.79558,1.15,1.15
2013.12.16 06:26:39.451,0.79537,0.79558,1.18,1.15
2013.12.16 06:26:39.552,0.79537,0.79558,1.10,1.15
2013.12.16 06:26:44.247,0.79542,0.79558,1.00,1.15
2013.12.16 06:26:44.370,0.79542,0.79558,1.00,1.00
2013.12.16 06:26:46.318,0.79537,0.79558,1.28,1.00
2013.12.16 06:26:50.059,0.79541,0.79559,1.00,1.20
2013.12.16 06:27:05.569,0.79547,0.79563,1.00,1.28
2013.12.16 06:27:28.339,0.79541,0.79559,1.15,1.00
2013.12.16 06:27:46.604,0.79537,0.79553,1.28,1.00
2013.12.16 06:27:46.656,0.79537,0.79553,1.28,1.00
2013.12.16 06:27:47.379,0.79536,0.79559,1.15,1.15
2013.12.16 06:27:51.565,0.79536,0.79554,1.15,1.00
2013.12.16 06:27:51.749,0.79536,0.79554,1.20,1.00
2013.12.16 06:27:51.921,0.79536,0.79554,1.18,1.00
2013.12.16 06:27:52.505,0.79536,0.79554,1.15,1.10
2013.12.16 06:27:53.467,0.79536,0.79554,1.15,1.00
2013.12.16 06:27:53.869,0.79536,0.79559,1.15,1.18
2013.12.16 06:28:03.112,0.79536,0.79554,1.15,1.00
2013.12.16 06:28:14.364,0.79536,0.79554,1.15,1.00
2013.12.16 06:28:51.979,0.79536,0.79554,1.10,1.18
2013.12.16 06:29:12.359,0.79529,0.79558,1.53,2.03
2013.12.16 06:29:13.063,0.79529,0.79558,1.53,2.03
2013.12.16 06:29:28.347,0.79537,0.79558,1.00,2.40
2013.12.16 06:29:28.499,0.79537,0.79558,1.08,1.08
2013.12.16 06:29:28.550,0.79537,0.79558,1.15,1.10
2013.12.16 06:29:29.119,0.79541,0.79564,1.15,2.40
2013.12.16 06:29:36.989,0.79541,0.79564,1.15,1.08
2013.12.16 06:29:37.271,0.79541,0.79564,1.15,1.00
2013.12.16 06:29:39.046,0.79541,0.79564,1.15,1.38
2013.12.16 06:29:39.349,0.79536,0.79554,1.15,1.00
2013.12.16 06:29:41.818,0.79542,0.79563,1.00,2.78
2013.12.16 06:29:44.156,0.79542,0.79563,1.08,2.40
2013.12.16 06:29:44.206,0.79542,0.79563,1.15,1.15
2013.12.16 06:29:51.038,0.79542,0.79563,1.15,1.00
2013.12.16 06:30:00.146,0.79547,0.79563,1.00,1.00
2013.12.16 06:30:03.329,0.79541,0.79559,1.15,1.00
2013.12.16 06:30:12.130,0.79547,0.79563,1.00,1.15
2013.12.16 06:30:14.130,0.79542,0.79563,1.15,1.15
2013.12.16 06:30:14.231,0.79542,0.79563,1.18,3.08
2013.12.16 06:30:14.736,0.79542,0.79562,1.18,2.33
2013.12.16 06:30:20.048,0.79547,0.79562,1.00,2.33
2013.12.16 06:30:20.251,0.79547,0.79563,1.00,1.18
2013.12.16 06:30:21.366,0.79542,0.79563,1.15,1.18
2013.12.16 06:30:21.518,0.79542,0.79563,1.20,1.15
2013.12.16 06:30:23.347,0.79546,0.79564,1.00,5.25
2013.12.16 06:30:23.498,0.79546,0.79564,1.00,1.15
2013.12.16 06:30:24.604,0.79541,0.79564,1.15,1.15
2013.12.16 06:30:24.705,0.79541,0.79564,1.15,3.08
2013.12.16 06:30:24.756,0.79541,0.79564,1.15,5.25
2013.12.16 06:30:27.307,0.79538,0.79559,4.50,1.00
2013.12.16 06:30:27.886,0.79546,0.79564,1.00,5.63
2013.12.16 06:30:36.137,0.79541,0.79558,2.33,1.00
2013.12.16 06:30:36.188,0.79537,0.79558,3.08,1.00
2013.12.16 06:30:45.092,0.79542,0.79558,2.33,1.00
2013.12.16 06:30:45.193,0.79539,0.79558,2.33,1.00
2013.12.16 06:30:48.869,0.79542,0.79563,1.08,3.08
2013.12.16 06:30:52.642,0.79546,0.79563,1.00,2.33
2013.12.16 06:30:52.804,0.79546,0.79564,1.00,2.78
2013.12.16 06:30:56.578,0.79541,0.79564,1.15,1.15
2013.12.16 06:30:56.730,0.79541,0.79563,1.15,2.33
2013.12.16 06:31:00.306,0.79547,0.79563,1.00,3.08
2013.12.16 06:31:00.508,0.79547,0.79563,1.00,1.08
2013.12.16 06:31:06.235,0.79547,0.79563,1.00,1.15
2013.12.16 06:31:06.965,0.79547,0.79563,1.00,1.15
2013.12.16 06:31:47.318,0.79542,0.79563,1.18,1.15
2013.12.16 06:31:47.369,0.79542,0.79563,1.18,1.15
2013.12.16 06:31:47.621,0.79542,0.79563,1.15,1.18
2013.12.16 06:31:48.487,0.79546,0.79565,1.00,2.33
2013.12.16 06:32:01.356,0.79541,0.79564,3.08,1.15
2013.12.16 06:32:01.507,0.79541,0.79562,1.20,4.50
2013.12.16 06:32:02.236,0.79546,0.79562,1.00,4.50
2013.12.16 06:32:16.352,0.79546,0.7956,1.00,2.33
2013.12.16 06:32:19.858,0.79536,0.79559,1.15,1.15
2013.12.16 06:32:20.210,0.79537,0.79553,1.15,1.00
2013.12.16 06:32:20.922,0.79537,0.79553,1.10,1.00
2013.12.16 06:32:38.799,0.79542,0.79558,1.00,3.08
2013.12.16 06:32:40.206,0.79542,0.79556,1.00,2.33
2013.12.16 06:32:42.396,0.79547,0.7956,1.00,1.15
2013.12.16 06:32:42.605,0.79542,0.79558,1.00,1.20
2013.12.16 06:32:42.706,0.79542,0.79558,1.00,1.18
2013.12.16 06:32:43.359,0.79542,0.79558,1.00,3.08
2013.12.16 06:32:53.390,0.79536,0.79558,1.08,4.88
2013.12.16 06:32:53.491,0.79536,0.79556,1.10,2.33
2013.12.16 06:32:54.265,0.79536,0.79554,1.00,1.53
2013.12.16 06:33:02.955,0.79542,0.79555,1.00,4.88
2013.12.16 06:33:04.976,0.79542,0.79558,1.00,3.45
2013.12.16 06:33:05.198,0.79541,0.79559,1.00,1.53
2013.12.16 06:33:05.597,0.79546,0.79561,1.00,2.70
2013.12.16 06:33:12.772,0.79546,0.79559,1.00,2.70
2013.12.16 06:33:18.512,0.79537,0.79553,1.18,1.00
2013.12.16 06:33:18.814,0.79537,0.79553,1.00,1.10
2013.12.16 06:33:18.915,0.79537,0.79553,1.00,3.08
2013.12.16 06:33:21.497,0.79537,0.79553,1.00,1.15
2013.12.16 06:34:04.986,0.79537,0.79553,1.00,3.08
2013.12.16 06:34:18.612,0.79529,0.79553,1.15,2.33
2013.12.16 06:34:39.374,0.79532,0.79548,1.10,1.00
2013.12.16 06:34:39.477,0.79532,0.79547,1.00,2.25
2013.12.16 06:34:40.084,0.79532,0.79546,1.00,2.33
2013.12.16 06:34:44.591,0.79532,0.79548,1.00,5.25
2013.12.16 06:34:47.622,0.79536,0.79548,1.00,4.50
2013.12.16 06:34:48.164,0.79526,0.79548,1.15,4.50
2013.12.16 06:34:48.265,0.79526,0.79546,1.18,2.33
2013.12.16 06:34:48.569,0.79526,0.79544,1.00,2.33
2013.12.16 06:34:48.943,0.79526,0.79542,1.00,2.33
2013.12.16 06:34:49.689,0.79526,0.79545,1.00,2.33
2013.12.16 06:34:52.635,0.79526,0.79541,1.00,2.25
2013.12.16 06:34:53.293,0.79521,0.79539,1.00,1.15
2013.12.16 06:34:53.803,0.79521,0.79539,1.00,1.15
2013.12.16 06:34:53.853,0.79521,0.79538,1.00,2.33
2013.12.16 06:34:54.188,0.79521,0.79539,1.00,1.15
2013.12.16 06:34:56.161,0.79522,0.79541,1.00,2.70
2013.12.16 06:34:56.709,0.79522,0.79537,1.00,2.33
2013.12.16 06:34:57.031,0.79527,0.79536,1.00,2.25
2013.12.16 06:34:57.132,0.79527,0.79538,1.00,2.25
2013.12.16 06:34:57.233,0.79527,0.79545,1.00,4.20
2013.12.16 06:34:57.413,0.79527,0.79542,1.00,2.33
2013.12.16 06:35:09.352,0.79527,0.7954,1.00,2.70
2013.12.16 06:35:10.378,0.79522,0.7954,1.00,2.70
2013.12.16 06:35:10.429,0.79522,0.79538,1.00,2.70
2013.12.16 06:35:10.965,0.79522,0.79539,1.00,4.50
2013.12.16 06:35:12.884,0.79522,0.7954,1.00,1.15
2013.12.16 06:35:21.581,0.79527,0.79541,1.00,4.50
2013.12.16 06:35:21.678,0.79521,0.79541,1.00,4.50
2013.12.16 06:35:23.584,0.79521,0.79541,1.08,2.33
2013.12.16 06:35:23.686,0.79526,0.79542,1.00,2.33
2013.12.16 06:35:24.222,0.79522,0.79542,1.10,2.33
2013.12.16 06:35:24.373,0.79522,0.79539,1.00,2.33
2013.12.16 06:35:27.545,0.79522,0.79537,1.00,2.33
2013.12.16 06:35:29.886,0.79522,0.79536,1.00,2.33
2013.12.16 06:35:35.959,0.79522,0.79534,1.00,2.33
2013.12.16 06:35:36.231,0.79516,0.79533,1.00,2.33
2013.12.16 06:35:36.332,0.79516,0.7953,1.00,2.33
2013.12.16 06:35:36.634,0.79516,0.79532,1.00,2.33
2013.12.16 06:35:36.965,0.79522,0.79532,1.00,2.33
2013.12.16 06:35:41.606,0.79516,0.79532,1.00,2.33
2013.12.16 06:35:41.656,0.79516,0.7953,1.00,4.50
2013.12.16 06:35:41.985,0.79521,0.79531,1.00,2.33
2013.12.16 06:35:42.307,0.79521,0.79539,1.00,2.70
2013.12.16 06:35:42.408,0.79521,0.79534,1.00,2.33
2013.12.16 06:35:43.272,0.79521,0.79529,1.00,2.33
2013.12.16 06:35:43.373,0.79516,0.79531,1.00,2.33
2013.12.16 06:35:43.424,0.79516,0.79533,1.00,2.70
2013.12.16 06:35:43.474,0.79516,0.79531,1.00,2.33
2013.12.16 06:35:51.164,0.79522,0.79531,1.00,4.50
2013.12.16 06:35:51.540,0.79522,0.79533,1.00,2.33
2013.12.16 06:35:51.641,0.79522,0.79535,1.00,4.88
2013.12.16 06:35:52.512,0.79522,0.79532,1.00,2.33
2013.12.16 06:35:52.745,0.79522,0.79534,1.00,2.33
2013.12.16 06:35:53.602,0.79522,0.79532,1.00,4.50
2013.12.16 06:36:03.726,0.79522,0.79534,1.00,2.33
2013.12.16 06:36:03.784,0.79522,0.79535,1.00,1.15
2013.12.16 06:36:04.287,0.79522,0.79535,1.00,4.50
2013.12.16 06:36:05.357,0.79526,0.79535,1.00,4.50
2013.12.16 06:36:15.370,0.7953,0.79535,1.00,2.18
2013.12.16 06:36:15.470,0.79531,0.79539,1.00,2.33
2013.12.16 06:36:15.571,0.79531,0.79541,1.00,2.33
2013.12.16 06:36:17.145,0.79532,0.79541,1.00,2.33
2013.12.16 06:36:19.125,0.79526,0.79541,1.00,2.33
2013.12.16 06:36:19.176,0.79526,0.79537,1.00,2.25
2013.12.16 06:36:19.490,0.79531,0.79539,1.00,2.33
2013.12.16 06:36:19.642,0.79527,0.7954,1.00,2.33
2013.12.16 06:36:35.714,0.79527,0.79539,1.00,4.50
2013.12.16 06:36:37.338,0.79527,0.79537,1.00,4.50
2013.12.16 06:36:37.388,0.79517,0.79537,1.00,4.88
2013.12.16 06:36:37.439,0.79517,0.79532,1.00,4.50
2013.12.16 06:36:37.867,0.79517,0.79526,1.00,2.33
2013.12.16 06:36:38.018,0.79517,0.79528,1.00,2.33
2013.12.16 06:36:45.637,0.7952,0.79528,1.00,2.33
2013.12.16 06:36:45.738,0.79522,0.79532,1.00,5.25
2013.12.16 06:36:48.204,0.7951,0.79528,1.08,2.33
2013.12.16 06:36:48.355,0.79511,0.79523,1.00,2.33
2013.12.16 06:36:48.456,0.79511,0.79525,1.00,2.33
2013.12.16 06:36:48.961,0.79511,0.79522,1.00,2.33
2013.12.16 06:36:50.332,0.79511,0.79524,1.00,4.50
2013.12.16 06:36:50.433,0.79511,0.79526,1.00,1.28
2013.12.16 06:36:50.886,0.7952,0.79529,1.00,4.50
2013.12.16 06:36:51.463,0.79521,0.79532,1.00,2.33
2013.12.16 06:36:51.664,0.79517,0.79528,1.00,2.33
2013.12.16 06:36:51.966,0.79522,0.7953,1.00,2.33
2013.12.16 06:36:52.498,0.79522,0.79531,1.00,2.33
2013.12.16 06:36:52.549,0.79522,0.79534,1.00,2.33
2013.12.16 06:36:52.759,0.79522,0.79537,1.00,4.50
2013.12.16 06:36:52.860,0.79511,0.79527,1.38,2.33
2013.12.16 06:36:53.162,0.79511,0.79522,1.00,4.50
2013.12.16 06:36:53.293,0.79507,0.79522,1.00,4.50
2013.12.16 06:36:56.190,0.79507,0.79519,1.00,2.33
2013.12.16 06:36:56.496,0.79511,0.79519,1.00,2.33
2013.12.16 06:36:57.583,0.79506,0.79519,1.00,2.33
2013.12.16 06:37:02.094,0.79497,0.79518,1.45,1.15
2013.12.16 06:37:02.500,0.79497,0.79513,1.08,2.25
2013.12.16 06:37:02.823,0.79497,0.79511,1.00,2.33
2013.12.16 06:37:03.761,0.79497,0.79509,1.00,2.33
2013.12.16 06:37:04.078,0.79497,0.79506,1.00,2.33
2013.12.16 06:37:04.600,0.79497,0.79507,1.00,2.33
2013.12.16 06:37:06.770,0.79497,0.7951,1.00,4.50
2013.12.16 06:37:08.394,0.79497,0.79509,1.00,2.33
2013.12.16 06:37:08.495,0.79497,0.79506,1.00,2.33
2013.12.16 06:37:09.026,0.79497,0.79507,1.00,2.33
2013.12.16 06:37:15.690,0.79497,0.79508,1.00,2.33
2013.12.16 06:37:16.002,0.79497,0.7951,1.00,2.70
2013.12.16 06:37:19.158,0.79492,0.7951,1.00,2.70
2013.12.16 06:37:19.209,0.79492,0.79505,1.00,2.25
2013.12.16 06:37:19.511,0.79496,0.79505,1.00,2.33
2013.12.16 06:37:19.612,0.79497,0.79508,1.00,4.50
2013.12.16 06:37:19.713,0.79497,0.7951,1.00,3.08
2013.12.16 06:37:20.216,0.79497,0.79509,1.00,4.50
2013.12.16 06:37:21.215,0.79497,0.79506,1.00,2.33
2013.12.16 06:37:21.367,0.79491,0.79503,1.00,2.25
2013.12.16 06:37:21.571,0.79495,0.79503,1.00,2.33
2013.12.16 06:37:21.886,0.79497,0.79506,1.00,2.33
2013.12.16 06:37:22.448,0.79497,0.79507,1.00,2.33
2013.12.16 06:37:22.889,0.79491,0.79507,1.00,2.33
2013.12.16 06:37:22.990,0.79491,0.79505,1.00,2.33
2013.12.16 06:37:23.292,0.79496,0.79505,1.00,2.33
2013.12.16 06:37:23.443,0.79496,0.79507,1.00,2.33
2013.12.16 06:37:23.559,0.79491,0.79507,1.00,2.33
2013.12.16 06:37:23.874,0.79496,0.79507,1.00,2.33
2013.12.16 06:37:27.314,0.79492,0.79507,1.00,2.33
2013.12.16 06:37:29.084,0.79499,0.79507,1.00,2.33
2013.12.16 06:37:29.185,0.795,0.79509,1.00,2.33
2013.12.16 06:37:29.287,0.79502,0.79512,1.00,2.33
2013.12.16 06:37:29.804,0.79501,0.79512,1.00,2.33
2013.12.16 06:37:29.905,0.79501,0.79514,1.00,2.33
2013.12.16 06:37:31.163,0.79497,0.79514,1.00,2.33
2013.12.16 06:37:31.590,0.79501,0.79514,1.00,2.33
2013.12.16 06:37:32.605,0.79501,0.79511,1.00,2.33
2013.12.16 06:37:33.923,0.79496,0.79511,1.00,2.33
2013.12.16 06:37:35.331,0.79492,0.79509,1.00,2.33
2013.12.16 06:37:35.433,0.79492,0.79507,1.00,2.33
2013.12.16 06:37:35.735,0.79486,0.79501,1.00,2.70
2013.12.16 06:37:36.038,0.79491,0.79503,1.00,4.50
2013.12.16 06:37:36.240,0.79491,0.79505,1.00,2.33
2013.12.16 06:37:38.065,0.79482,0.79498,1.00,1.15
2013.12.16 06:37:38.166,0.79482,0.79495,1.00,2.33
2013.12.16 06:37:38.468,0.79486,0.79496,1.00,2.33
2013.12.16 06:37:38.518,0.79486,0.79498,1.00,2.33
2013.12.16 06:37:38.619,0.79481,0.795,1.00,3.08
2013.12.16 06:37:38.881,0.79486,0.795,1.00,2.33
2013.12.16 06:37:39.425,0.79482,0.795,1.00,2.33
2013.12.16 06:37:40.015,0.79482,0.79499,1.00,2.70
2013.12.16 06:37:42.861,0.79482,0.79494,1.00,2.25
2013.12.16 06:37:46.761,0.79486,0.79494,1.00,2.33
2013.12.16 06:37:47.441,0.79486,0.79495,1.00,2.33
2013.12.16 06:37:47.953,0.79486,0.79497,1.00,4.50
2013.12.16 06:37:50.132,0.79486,0.79495,1.00,2.33
2013.12.16 06:37:54.473,0.79486,0.79496,1.00,2.33
2013.12.16 06:37:54.795,0.79487,0.79498,1.00,2.33
2013.12.16 06:37:54.896,0.79487,0.795,1.00,1.15
2013.12.16 06:37:55.657,0.79487,0.79498,1.00,2.33
2013.12.16 06:37:56.452,0.79487,0.79497,1.00,2.33
2013.12.16 06:37:56.754,0.79474,0.79491,1.38,2.33
2013.12.16 06:37:57.286,0.79471,0.79492,1.53,2.33
2013.12.16 06:37:57.392,0.79482,0.79492,1.00,2.33
2013.12.16 06:37:57.548,0.79482,0.79494,1.00,4.50
2013.12.16 06:38:06.795,0.79482,0.79495,1.00,2.33
2013.12.16 06:38:11.916,0.79482,0.79494,1.00,2.33
2013.12.16 06:38:12.908,0.79482,0.79495,1.00,2.33
2013.12.16 06:38:13.566,0.79482,0.795,1.00,4.88
2013.12.16 06:38:17.301,0.79486,0.795,1.00,4.88
2013.12.16 06:38:18.072,0.79477,0.79498,1.15,1.15
2013.12.16 06:38:20.602,0.79482,0.79498,1.00,1.15
2013.12.16 06:38:23.140,0.79476,0.79499,1.15,1.15
2013.12.16 06:38:31.684,0.79476,0.79497,1.18,2.33
2013.12.16 06:38:32.000,0.79476,0.79495,1.10,2.33
2013.12.16 06:38:32.151,0.79476,0.79497,1.08,2.33
2013.12.16 06:38:32.592,0.79481,0.79497,1.00,2.33
2013.12.16 06:38:35.737,0.79481,0.79495,1.00,2.33
2013.12.16 06:38:35.845,0.79481,0.79497,1.00,2.33
2013.12.16 06:38:46.553,0.79481,0.79496,1.00,2.33
2013.12.16 06:38:51.703,0.79481,0.79493,1.00,2.33
2013.12.16 06:38:56.917,0.79475,0.79493,1.38,2.33
2013.12.16 06:38:57.197,0.79487,0.79496,1.00,4.50
2013.12.16 06:38:59.679,0.79481,0.79496,1.00,4.50
2013.12.16 06:39:07.760,0.79481,0.79499,1.00,1.28
2013.12.16 06:39:15.828,0.79477,0.79498,1.15,1.15
2013.12.16 06:39:19.151,0.79481,0.79499,1.00,1.15
2013.12.16 06:39:25.092,0.79476,0.79494,1.15,1.00
2013.12.16 06:39:25.142,0.79476,0.79494,1.08,1.08
2013.12.16 06:39:25.244,0.79476,0.79494,1.00,1.15
2013.12.16 06:39:25.395,0.79481,0.79495,1.00,2.33
2013.12.16 06:39:25.606,0.79481,0.79498,1.00,2.70
2013.12.16 06:39:25.657,0.79477,0.79498,1.08,3.45
2013.12.16 06:39:26.176,0.79477,0.79498,1.00,5.63
2013.12.16 06:39:27.326,0.79477,0.79498,1.15,1.28
2013.12.16 06:39:27.426,0.79477,0.79498,3.08,1.13
2013.12.16 06:39:28.113,0.79477,0.79498,3.08,1.18
2013.12.16 06:39:30.898,0.79482,0.79498,1.00,1.18
2013.12.16 06:39:30.999,0.79482,0.79498,1.20,1.00
2013.12.16 06:39:51.356,0.79482,0.79498,1.18,1.00
2013.12.16 06:39:56.780,0.79486,0.79504,1.00,3.08
2013.12.16 06:39:57.381,0.79482,0.79503,1.18,1.15
2013.12.16 06:39:57.482,0.79482,0.79503,1.00,5.63
2013.12.16 06:40:02.097,0.79477,0.79499,4.50,1.20
2013.12.16 06:40:02.840,0.79482,0.79503,1.00,5.63
2013.12.16 06:40:05.726,0.79477,0.79498,5.25,1.38
2013.12.16 06:40:06.351,0.79477,0.79498,5.25,1.13
2013.12.16 06:40:10.041,0.79477,0.79498,3.08,1.20
2013.12.16 06:40:10.712,0.79477,0.79498,1.15,1.28
2013.12.16 06:40:18.353,0.79482,0.79499,1.00,2.70
2013.12.16 06:40:19.393,0.79482,0.79498,1.00,3.08
2013.12.16 06:40:33.080,0.79477,0.79493,1.00,1.00
2013.12.16 06:40:41.051,0.79477,0.79493,1.00,1.08
2013.12.16 06:40:41.202,0.79477,0.79493,1.10,1.10
2013.12.16 06:41:03.147,0.79482,0.79497,1.00,2.33
2013.12.16 06:41:03.298,0.79482,0.79499,1.00,2.33
2013.12.16 06:41:03.399,0.79482,0.79501,1.00,2.70
2013.12.16 06:41:03.659,0.79482,0.79499,1.00,2.33
2013.12.16 06:41:05.078,0.79482,0.79502,1.00,3.08
2013.12.16 06:41:14.387,0.79482,0.795,1.00,2.33
2013.12.16 06:41:14.589,0.79476,0.79498,1.15,2.33
2013.12.16 06:41:35.452,0.79476,0.79498,1.18,2.33
2013.12.16 06:41:53.496,0.79476,0.79499,1.15,3.08
2013.12.16 06:42:08.502,0.79482,0.79498,1.00,1.15
2013.12.16 06:42:12.450,0.79482,0.79498,1.00,3.08
2013.12.16 06:42:12.551,0.79477,0.79495,1.00,2.33
2013.12.16 06:42:32.958,0.79477,0.79496,1.08,2.33
2013.12.16 06:42:33.059,0.79477,0.79498,1.15,1.15
2013.12.16 06:42:33.223,0.79481,0.79499,1.00,4.88
2013.12.16 06:42:33.558,0.79481,0.79496,1.00,2.33
2013.12.16 06:42:46.791,0.79481,0.79499,1.00,4.88
2013.12.16 06:42:46.892,0.79481,0.79497,1.00,2.33
2013.12.16 06:42:47.271,0.79481,0.79499,1.00,3.45
2013.12.16 06:42:47.322,0.79481,0.79497,1.00,2.33
2013.12.16 06:42:56.203,0.79481,0.79498,1.00,4.50
2013.12.16 06:42:56.304,0.79481,0.795,1.00,5.63
2013.12.16 06:42:56.407,0.79481,0.79497,1.00,2.33
2013.12.16 06:43:17.434,0.79481,0.79496,1.00,2.33
2013.12.16 06:43:30.297,0.79476,0.79496,1.13,2.33
2013.12.16 06:43:31.227,0.79482,0.79496,1.00,2.33
2013.12.16 06:43:31.383,0.79482,0.79498,1.00,2.33
2013.12.16 06:43:31.617,0.79476,0.79497,1.13,2.33
2013.12.16 06:43:52.277,0.79476,0.79497,1.20,2.33
2013.12.16 06:44:00.339,0.79481,0.79499,1.00,4.50
2013.12.16 06:44:00.491,0.79481,0.79501,1.00,4.50
2013.12.16 06:44:00.692,0.79476,0.79498,1.15,2.33
2013.12.16 06:44:00.894,0.79476,0.79497,1.00,2.33
2013.12.16 06:44:04.313,0.79482,0.79497,1.00,2.33
2013.12.16 06:44:04.566,0.79482,0.79501,1.00,2.33
2013.12.16 06:44:04.676,0.79482,0.79499,1.00,2.33
2013.12.16 06:44:04.978,0.79482,0.79497,1.00,2.33
2013.12.16 06:44:05.753,0.79482,0.79498,1.00,2.33
2013.12.16 06:44:25.399,0.79482,0.79497,1.00,2.33
2013.12.16 06:44:27.260,0.79482,0.795,1.00,2.33
2013.12.16 06:44:29.626,0.79487,0.795,1.00,2.33
2013.12.16 06:44:30.228,0.79487,0.79501,1.00,2.33
2013.12.16 06:44:30.329,0.79487,0.79503,1.00,2.33
2013.12.16 06:44:30.380,0.79492,0.79503,1.00,2.33
2013.12.16 06:44:30.533,0.79492,0.79505,1.00,2.33
2013.12.16 06:44:31.176,0.79492,0.79506,1.00,2.33
2013.12.16 06:44:33.118,0.79486,0.79506,1.00,2.33
2013.12.16 06:44:33.219,0.79486,0.79504,1.00,2.33
2013.12.16 06:44:33.534,0.79486,0.79501,1.00,2.33
2013.12.16 06:44:48.407,0.79491,0.79501,1.00,2.33
2013.12.16 06:44:48.559,0.79491,0.79505,1.00,2.33
2013.12.16 06:44:48.775,0.79491,0.79507,1.00,4.50
2013.12.16 06:44:49.184,0.79491,0.79505,1.00,2.33
2013.12.16 06:44:50.535,0.79491,0.79507,1.00,2.33
2013.12.16 06:45:05.365,0.79491,0.79505,1.00,2.33
2013.12.16 06:45:05.960,0.79491,0.79504,1.00,2.33
2013.12.16 06:45:06.718,0.79491,0.79506,1.00,4.50
2013.12.16 06:45:11.427,0.79491,0.79505,1.00,2.33
2013.12.16 06:45:21.296,0.79487,0.79505,1.00,4.50
2013.12.16 06:45:21.469,0.79487,0.79503,1.00,2.33
2013.12.16 06:45:22.032,0.79487,0.79502,1.00,2.33
2013.12.16 06:45:24.444,0.79487,0.79503,1.00,4.50
2013.12.16 06:45:26.042,0.79487,0.79501,1.00,2.33
2013.12.16 06:45:37.364,0.79492,0.79501,1.00,2.33
2013.12.16 06:45:37.875,0.79477,0.79498,1.45,2.33
2013.12.16 06:45:38.898,0.79491,0.79499,1.00,2.33
2013.12.16 06:45:38.999,0.79491,0.79501,1.00,2.33
2013.12.16 06:45:39.524,0.79492,0.79502,1.00,2.33
2013.12.16 06:45:43.051,0.79492,0.79504,1.00,4.50
2013.12.16 06:45:43.102,0.79495,0.79504,1.00,4.50
2013.12.16 06:45:47.599,0.79492,0.79504,1.00,2.33
2013.12.16 06:45:48.106,0.79492,0.79503,1.00,2.33
2013.12.16 06:45:49.928,0.79492,0.79504,1.00,4.50
2013.12.16 06:45:59.946,0.79492,0.79502,1.00,2.33
2013.12.16 06:46:00.799,0.79492,0.79501,1.00,2.33
2013.12.16 06:46:00.900,0.79486,0.79501,1.00,4.50
2013.12.16 06:46:01.051,0.79486,0.79498,1.00,2.33
2013.12.16 06:46:01.151,0.79486,0.795,1.00,2.33
2013.12.16 06:46:01.561,0.79486,0.79502,1.00,2.33
2013.12.16 06:46:01.662,0.79486,0.79504,1.00,3.08
2013.12.16 06:46:02.417,0.79486,0.79501,1.00,2.33
2013.12.16 06:46:20.663,0.79486,0.795,1.00,2.33
2013.12.16 06:46:21.460,0.79486,0.79499,1.00,2.33
2013.12.16 06:46:23.870,0.79491,0.79499,1.00,2.33
2013.12.16 06:46:23.921,0.79491,0.79501,1.00,2.33
2013.12.16 06:46:24.072,0.79487,0.79501,1.00,2.33
2013.12.16 06:46:24.374,0.79487,0.79504,1.00,4.50
2013.12.16 06:46:24.942,0.79487,0.79503,1.00,4.50
2013.12.16 06:46:27.365,0.79492,0.79503,1.00,4.50
2013.12.16 06:46:27.620,0.79486,0.79504,1.00,2.33
2013.12.16 06:46:32.867,0.79491,0.79504,1.00,2.33
2013.12.16 06:46:33.296,0.79491,0.79506,1.00,1.15
2013.12.16 06:46:38.372,0.79492,0.79507,1.00,4.50
2013.12.16 06:46:38.523,0.79492,0.7951,1.00,2.33
2013.12.16 06:46:38.575,0.79492,0.79506,1.00,2.25
2013.12.16 06:46:49.695,0.79491,0.79506,1.00,2.33
2013.12.16 06:47:20.166,0.79491,0.79507,1.00,4.50
2013.12.16 06:47:40.386,0.79491,0.79506,1.00,2.33
2013.12.16 06:47:49.926,0.79483,0.79506,2.70,2.33
2013.12.16 06:47:58.746,0.79483,0.79507,2.70,2.33
2013.12.16 06:47:58.797,0.79483,0.79509,6.38,5.25
2013.12.16 06:47:59.738,0.79483,0.79506,2.70,2.33
2013.12.16 06:47:59.889,0.79482,0.79506,1.13,4.50
2013.12.16 06:48:05.826,0.79483,0.79507,2.70,2.33
2013.12.16 06:48:07.315,0.79484,0.79508,2.33,2.33
2013.12.16 06:48:07.366,0.79484,0.7951,4.50,5.63
2013.12.16 06:48:16.104,0.79496,0.7951,1.00,4.50
2013.12.16 06:48:16.205,0.79496,0.79512,1.00,1.15
2013.12.16 06:48:16.407,0.79496,0.7951,1.00,2.33
2013.12.16 06:48:17.142,0.79496,0.79509,1.00,2.33
2013.12.16 06:48:17.299,0.79491,0.79509,1.00,2.33
2013.12.16 06:48:20.634,0.79496,0.79509,1.00,2.33
2013.12.16 06:48:23.886,0.79496,0.79511,1.00,1.18
2013.12.16 06:48:54.034,0.79496,0.79512,1.00,2.33
2013.12.16 06:48:55.123,0.79496,0.79514,1.00,2.33
2013.12.16 06:48:55.173,0.79501,0.79514,1.00,2.33
2013.12.16 06:48:55.679,0.79502,0.79514,1.00,2.33
2013.12.16 06:48:56.249,0.79501,0.79514,1.00,2.33
2013.12.16 06:49:10.457,0.79501,0.79515,1.00,4.50
2013.12.16 06:49:12.891,0.79506,0.79515,1.00,2.33
2013.12.16 06:49:13.042,0.79506,0.79519,1.00,4.50
2013.12.16 06:49:20.772,0.79506,0.79516,1.00,2.33
2013.12.16 06:49:26.287,0.79506,0.79519,1.00,1.15
2013.12.16 06:49:32.098,0.79506,0.79518,1.00,2.33
2013.12.16 06:49:40.682,0.79506,0.79522,1.00,4.88
2013.12.16 06:50:03.568,0.79506,0.79524,1.00,4.50
2013.12.16 06:50:04.000,0.79506,0.79526,1.00,4.88
2013.12.16 06:50:08.657,0.79512,0.79526,1.00,4.88
2013.12.16 06:50:16.693,0.79512,0.79524,1.00,2.33
2013.12.16 06:50:17.302,0.79507,0.79524,1.00,4.50
2013.12.16 06:50:18.212,0.79512,0.79524,1.00,4.50
2013.12.16 06:50:21.293,0.79506,0.79524,1.00,5.25
2013.12.16 06:50:24.333,0.79506,0.79517,1.00,2.25
2013.12.16 06:50:24.384,0.79502,0.79517,1.08,2.25
2013.12.16 06:50:25.069,0.79502,0.79517,1.00,2.33
2013.12.16 06:50:27.332,0.79506,0.79517,1.00,2.33
2013.12.16 06:50:27.383,0.79506,0.79519,1.00,2.33
2013.12.16 06:50:27.484,0.79506,0.79521,1.00,3.45
2013.12.16 06:50:29.305,0.79506,0.79519,1.00,2.70
2013.12.16 06:50:29.890,0.79506,0.79518,1.00,2.33
2013.12.16 06:50:40.564,0.79506,0.79521,1.00,3.08
2013.12.16 06:50:40.665,0.79506,0.79524,1.00,3.08
2013.12.16 06:50:40.832,0.79502,0.79523,1.10,1.15
2013.12.16 06:50:40.983,0.79502,0.79521,1.00,2.33
2013.12.16 06:50:43.260,0.79502,0.7952,1.00,2.33
2013.12.16 06:50:43.931,0.79502,0.79519,1.00,2.33
2013.12.16 06:50:54.363,0.79506,0.79519,1.00,2.33
2013.12.16 06:50:55.064,0.79506,0.7952,1.00,2.33
2013.12.16 06:51:03.362,0.79506,0.79519,1.00,2.33
2013.12.16 06:51:04.071,0.79506,0.79518,1.00,2.33
2013.12.16 06:51:11.692,0.79506,0.79519,1.00,2.33
2013.12.16 06:51:11.742,0.79506,0.79523,1.00,4.50
2013.12.16 06:51:12.071,0.79511,0.79523,1.00,4.50
2013.12.16 06:51:18.221,0.79511,0.79522,1.00,2.33
2013.12.16 06:51:22.526,0.79507,0.79522,1.00,2.33
2013.12.16 06:51:22.577,0.79507,0.7952,1.00,2.33
2013.12.16 06:51:31.541,0.79501,0.7952,1.00,2.33
2013.12.16 06:51:31.693,0.79501,0.79518,1.00,2.33
2013.12.16 06:51:35.544,0.79501,0.79519,1.00,2.33
2013.12.16 06:51:35.931,0.79501,0.79517,1.00,2.33
2013.12.16 06:51:41.376,0.79496,0.79517,1.18,2.33
2013.12.16 06:51:41.477,0.79496,0.79518,1.18,2.33
2013.12.16 06:51:42.043,0.79496,0.79519,1.15,3.08
2013.12.16 06:51:47.501,0.79496,0.79519,3.08,3.45
2013.12.16 06:51:48.321,0.79501,0.7952,1.10,2.70
2013.12.16 06:51:54.528,0.79501,0.79518,1.00,2.33
2013.12.16 06:51:54.679,0.79497,0.79518,1.15,3.08
2013.12.16 06:51:54.789,0.79497,0.79518,1.00,5.25
2013.12.16 06:51:55.637,0.79496,0.79514,1.10,3.08
2013.12.16 06:51:56.202,0.79497,0.79515,1.00,2.33
2013.12.16 06:51:56.679,0.79497,0.79517,1.00,5.25
2013.12.16 06:51:58.390,0.79502,0.79517,1.00,2.33
2013.12.16 06:51:59.220,0.79502,0.79518,1.00,2.33
2013.12.16 06:52:13.681,0.79502,0.79517,1.00,2.33
2013.12.16 06:52:14.406,0.79502,0.79516,1.00,2.33
2013.12.16 06:52:15.244,0.79502,0.79519,1.00,2.70
2013.12.16 06:52:18.252,0.79502,0.79518,1.00,2.33
2013.12.16 06:52:26.338,0.79502,0.79514,1.00,2.33
2013.12.16 06:52:26.803,0.79497,0.79514,1.00,4.50
2013.12.16 06:52:37.559,0.79501,0.79514,1.00,2.33
2013.12.16 06:52:46.429,0.79501,0.79515,1.00,2.33
2013.12.16 06:52:47.131,0.79497,0.79515,1.00,2.33
2013.12.16 06:52:57.139,0.79501,0.79515,1.00,2.33
2013.12.16 06:52:59.577,0.79496,0.79515,1.00,2.33
2013.12.16 06:53:03.228,0.79496,0.79516,1.20,2.33
2013.12.16 06:53:03.849,0.79502,0.79516,1.00,2.33
2013.12.16 06:53:04.151,0.79495,0.79509,1.38,2.33
2013.12.16 06:53:04.712,0.79502,0.7951,1.00,2.33
2013.12.16 06:53:25.278,0.79502,0.79511,1.00,4.50
2013.12.16 06:53:25.379,0.79502,0.79513,1.00,2.33
2013.12.16 06:53:25.430,0.79502,0.79514,1.00,1.15
2013.12.16 06:53:25.634,0.79496,0.79514,1.00,1.28
2013.12.16 06:53:25.735,0.79496,0.79511,1.00,2.33
2013.12.16 06:53:30.378,0.79502,0.79511,1.00,2.33
2013.12.16 06:53:34.670,0.79496,0.79511,1.00,2.33
2013.12.16 06:53:42.349,0.79502,0.79511,1.00,2.33
2013.12.16 06:53:45.319,0.79497,0.79511,1.00,2.33
2013.12.16 06:53:50.379,0.79501,0.79511,1.00,2.33
2013.12.16 06:54:03.287,0.79501,0.79513,1.00,2.33
2013.12.16 06:54:07.354,0.79502,0.79513,1.00,2.33
2013.12.16 06:54:07.964,0.79502,0.79514,1.00,2.33
2013.12.16 06:54:15.606,0.79496,0.79514,1.00,2.33
2013.12.16 06:54:21.319,0.79501,0.79514,1.00,2.33
2013.12.16 06:54:22.628,0.79496,0.79514,1.00,2.33
2013.12.16 06:54:24.566,0.79496,0.79515,1.00,2.33
2013.12.16 06:54:24.667,0.79496,0.79517,1.00,3.08
2013.12.16 06:54:45.377,0.79496,0.79515,1.00,2.33
2013.12.16 06:54:53.423,0.79496,0.79516,1.18,2.33
2013.12.16 06:54:53.545,0.79496,0.79519,1.15,5.63
2013.12.16 06:54:53.648,0.79496,0.79516,1.08,2.33
2013.12.16 06:55:26.098,0.79502,0.79516,1.00,2.33
2013.12.16 06:55:42.789,0.79502,0.79512,1.00,2.33
2013.12.16 06:55:43.856,0.79497,0.79512,1.00,2.33
2013.12.16 06:56:03.360,0.79497,0.79513,1.00,2.33
2013.12.16 06:56:09.677,0.79501,0.79513,1.00,2.33
2013.12.16 06:56:09.778,0.79501,0.79515,1.00,2.33
2013.12.16 06:56:09.940,0.79501,0.79517,1.00,4.50
2013.12.16 06:56:10.207,0.79496,0.79517,1.00,4.50
2013.12.16 06:56:13.625,0.79502,0.79517,1.00,4.50
2013.12.16 06:56:14.971,0.79502,0.79518,1.00,2.33
2013.12.16 06:56:15.076,0.79502,0.7952,1.00,2.33
2013.12.16 06:56:15.737,0.79502,0.79519,1.00,4.50
2013.12.16 06:56:31.224,0.79502,0.7952,1.00,2.33
2013.12.16 06:56:31.375,0.79506,0.7952,1.00,2.33
2013.12.16 06:56:31.426,0.79506,0.79522,1.00,4.50
2013.12.16 06:56:38.368,0.79506,0.79524,1.00,2.70
2013.12.16 06:56:43.942,0.79506,0.79525,1.00,3.08
2013.12.16 06:56:45.122,0.79506,0.79523,1.00,2.33
2013.12.16 06:57:05.358,0.79506,0.79522,1.00,2.33
2013.12.16 06:57:16.987,0.79506,0.79521,1.00,4.50
2013.12.16 06:57:17.076,0.79501,0.79519,1.00,1.15
2013.12.16 06:57:17.227,0.79501,0.79519,1.00,3.08
2013.12.16 06:57:17.548,0.79501,0.79517,1.00,2.33
2013.12.16 06:57:22.965,0.79501,0.79519,1.00,1.15
2013.12.16 06:57:43.298,0.79501,0.79518,1.00,2.33
2013.12.16 06:58:03.103,0.79506,0.79518,1.00,2.33
2013.12.16 06:58:43.335,0.79506,0.79522,1.00,2.63
2013.12.16 06:58:53.389,0.79506,0.7952,1.00,2.25
2013.12.16 06:58:53.897,0.79506,0.79521,1.00,2.33
2013.12.16 06:59:12.036,0.79506,0.79519,1.00,2.33
2013.12.16 06:59:12.137,0.79501,0.79517,1.00,2.33
2013.12.16 06:59:14.153,0.79501,0.79517,1.00,2.70
2013.12.16 06:59:14.355,0.79497,0.79516,1.00,2.70
2013.12.16 06:59:15.628,0.79497,0.79514,1.00,4.88
2013.12.16 06:59:21.743,0.79497,0.79511,1.00,2.33
2013.12.16 06:59:22.097,0.79496,0.79513,1.00,2.33
2013.12.16 06:59:22.198,0.79496,0.79514,1.00,1.28
2013.12.16 06:59:23.785,0.79496,0.79514,1.00,3.45
2013.12.16 06:59:24.166,0.79491,0.79509,1.15,1.00
2013.12.16 06:59:24.216,0.79491,0.79509,1.18,1.08
2013.12.16 06:59:24.528,0.79492,0.79508,1.00,2.33
2013.12.16 06:59:28.295,0.79492,0.7951,1.00,2.33
2013.12.16 06:59:28.346,0.79501,0.7951,1.00,2.33
2013.12.16 06:59:28.397,0.79501,0.79513,1.00,1.08
2013.12.16 06:59:28.498,0.79501,0.79515,1.00,1.65
2013.12.16 06:59:28.599,0.79501,0.79516,1.00,2.33
2013.12.16 06:59:28.700,0.79497,0.79513,1.00,1.55
2013.12.16 06:59:29.233,0.79496,0.79515,1.10,2.70
2013.12.16 06:59:31.884,0.79496,0.79517,1.08,2.70
2013.12.16 06:59:31.985,0.79496,0.79517,1.10,2.70
2013.12.16 06:59:32.086,0.79496,0.79514,1.00,2.70
2013.12.16 06:59:33.315,0.79496,0.79513,1.00,2.70
2013.12.16 06:59:34.624,0.79497,0.79513,1.00,3.45
2013.12.16 06:59:35.173,0.79497,0.79512,1.00,2.33
2013.12.16 06:59:41.864,0.79497,0.79511,1.00,2.33
2013.12.16 06:59:42.437,0.79497,0.7951,1.00,2.33
2013.12.16 06:59:42.635,0.79491,0.7951,1.00,2.33
2013.12.16 06:59:51.478,0.79491,0.79512,1.00,5.25
2013.12.16 06:59:51.843,0.79491,0.7951,1.00,2.33
2013.12.16 06:59:52.474,0.79491,0.79509,1.00,4.50
2013.12.16 06:59:55.087,0.79491,0.79511,1.00,4.50
2013.12.16 06:59:58.272,0.79497,0.79511,1.00,4.50
