2014.08.13 10:00:00.719,0.8442,0.84435,1.00,2.03
2014.08.13 10:00:01.232,0.8442,0.84435,1.00,2.03
2014.08.13 10:00:04.206,0.8442,0.84435,1.00,1.53
2014.08.13 10:00:04.601,0.84415,0.8443,1.10,1.00
2014.08.13 10:00:09.329,0.84414,0.84431,1.18,1.13
2014.08.13 10:00:14.797,0.84415,0.8443,1.10,1.00
2014.08.13 10:00:16.548,0.84414,0.84431,1.28,1.00
2014.08.13 10:00:17.321,0.84415,0.8443,1.10,1.00
2014.08.13 10:00:18.089,0.8442,0.84435,1.00,1.53
2014.08.13 10:00:19.555,0.8442,0.84435,1.00,1.53
2014.08.13 10:00:23.238,0.8442,0.84435,1.00,1.53
2014.08.13 10:00:23.828,0.8442,0.84435,1.00,2.78
2014.08.13 10:00:26.103,0.8442,0.84435,1.00,2.78
2014.08.13 10:00:26.539,0.8442,0.84435,1.00,1.10
2014.08.13 10:00:34.235,0.8442,0.84435,1.00,1.28
2014.08.13 10:00:45.863,0.8442,0.84435,1.00,1.48
2014.08.13 10:00:46.065,0.84414,0.84431,1.10,1.13
2014.08.13 10:00:46.648,0.84414,0.84431,1.48,1.00
2014.08.13 10:00:47.586,0.84414,0.84431,1.20,1.00
2014.08.13 10:00:48.777,0.84415,0.8443,1.00,1.00
2014.08.13 10:00:49.341,0.84412,0.84431,1.55,1.00
2014.08.13 10:00:49.442,0.84412,0.84431,1.18,1.38
2014.08.13 10:00:49.543,0.84412,0.84431,1.10,2.70
2014.08.13 10:00:49.593,0.84412,0.84425,1.10,1.00
2014.08.13 10:00:50.077,0.8441,0.84425,1.20,1.00
2014.08.13 10:00:50.209,0.84414,0.84429,1.00,1.65
2014.08.13 10:00:50.766,0.84415,0.8443,1.00,1.00
2014.08.13 10:00:51.289,0.84415,0.8443,1.08,1.00
2014.08.13 10:00:52.484,0.84415,0.8443,1.00,1.00
2014.08.13 10:00:53.295,0.8442,0.84432,1.00,1.58
2014.08.13 10:00:54.421,0.84415,0.8443,1.28,1.00
2014.08.13 10:00:57.139,0.84414,0.84431,2.03,1.00
2014.08.13 10:00:59.363,0.84415,0.8443,1.55,1.00
2014.08.13 10:00:59.874,0.84414,0.84431,3.53,1.00
2014.08.13 10:01:00.562,0.8442,0.84435,1.00,1.55
2014.08.13 10:01:03.738,0.84415,0.8443,1.55,1.00
2014.08.13 10:01:04.200,0.84415,0.8443,1.55,1.00
2014.08.13 10:01:08.777,0.84416,0.8443,2.70,1.00
2014.08.13 10:01:08.923,0.8442,0.84435,1.10,1.00
2014.08.13 10:01:09.023,0.8442,0.84435,1.58,1.00
2014.08.13 10:01:09.588,0.84425,0.8444,1.00,1.48
2014.08.13 10:01:09.889,0.84426,0.8444,1.58,1.00
2014.08.13 10:01:09.940,0.8443,0.84444,1.00,1.00
2014.08.13 10:01:10.369,0.84427,0.84441,1.18,1.00
2014.08.13 10:01:14.865,0.84427,0.84446,1.18,1.48
2014.08.13 10:01:19.453,0.84425,0.84445,3.53,1.20
2014.08.13 10:01:19.755,0.84425,0.8444,1.00,1.20
2014.08.13 10:01:20.057,0.84422,0.84435,1.20,1.00
2014.08.13 10:01:20.496,0.84423,0.84435,1.38,1.00
2014.08.13 10:01:20.597,0.84425,0.84444,1.28,1.38
2014.08.13 10:01:20.798,0.84426,0.84445,1.53,1.13
2014.08.13 10:01:20.899,0.8443,0.84445,1.00,1.00
2014.08.13 10:01:21.668,0.8443,0.84445,1.28,1.00
2014.08.13 10:01:22.547,0.84435,0.8445,1.00,1.28
2014.08.13 10:01:22.899,0.84435,0.84453,1.20,1.00
2014.08.13 10:01:23.000,0.84435,0.84455,1.28,1.28
2014.08.13 10:01:23.936,0.84435,0.84455,1.58,1.28
2014.08.13 10:01:24.554,0.84435,0.84455,1.28,1.20
2014.08.13 10:01:26.591,0.84435,0.84455,1.58,1.28
2014.08.13 10:01:27.249,0.84435,0.84455,2.03,1.58
2014.08.13 10:01:27.826,0.84435,0.84455,1.88,1.53
2014.08.13 10:01:32.228,0.84435,0.84455,1.88,1.28
2014.08.13 10:01:38.426,0.84435,0.84455,1.88,1.53
2014.08.13 10:01:46.780,0.84435,0.84454,1.13,2.03
2014.08.13 10:01:47.082,0.84433,0.84449,1.00,1.88
2014.08.13 10:01:47.233,0.8443,0.84448,1.00,1.88
2014.08.13 10:01:47.416,0.8443,0.84448,1.00,1.95
2014.08.13 10:01:51.194,0.84429,0.84449,1.13,4.20
2014.08.13 10:01:54.447,0.8443,0.84449,1.00,4.20
2014.08.13 10:01:56.867,0.84429,0.84449,1.13,4.20
2014.08.13 10:02:00.416,0.8443,0.84449,1.00,4.20
2014.08.13 10:02:00.466,0.8443,0.84449,1.00,2.03
2014.08.13 10:02:00.983,0.8443,0.84449,1.38,2.03
2014.08.13 10:02:01.497,0.8443,0.84449,1.00,1.65
2014.08.13 10:02:02.533,0.8443,0.84449,1.00,2.40
2014.08.13 10:02:02.880,0.8443,0.84444,1.00,1.65
2014.08.13 10:02:04.160,0.84424,0.84441,1.48,1.00
2014.08.13 10:02:04.815,0.84424,0.84441,1.38,1.08
2014.08.13 10:02:05.367,0.84424,0.84441,1.00,1.28
2014.08.13 10:02:05.594,0.84422,0.8444,1.20,1.20
2014.08.13 10:02:10.596,0.84421,0.8444,1.55,2.33
2014.08.13 10:02:11.180,0.84421,0.8444,1.28,1.10
2014.08.13 10:02:18.469,0.84421,0.8444,1.55,2.33
2014.08.13 10:02:19.015,0.84421,0.8444,1.55,2.33
2014.08.13 10:02:25.270,0.84422,0.8444,1.48,1.10
2014.08.13 10:02:25.421,0.84422,0.8444,1.13,1.08
2014.08.13 10:02:26.386,0.84425,0.8444,1.00,1.00
2014.08.13 10:02:26.888,0.84425,0.84443,1.00,2.03
2014.08.13 10:02:27.416,0.84425,0.84443,1.00,2.78
2014.08.13 10:02:35.616,0.84422,0.8444,1.20,1.10
2014.08.13 10:02:37.234,0.84422,0.8444,1.48,1.10
2014.08.13 10:02:41.533,0.84421,0.8444,1.55,1.10
2014.08.13 10:02:42.112,0.84425,0.8444,1.00,1.10
2014.08.13 10:02:42.415,0.8442,0.84435,1.53,1.00
2014.08.13 10:02:42.566,0.8442,0.84435,1.00,1.00
2014.08.13 10:02:43.127,0.8442,0.84435,1.28,1.00
2014.08.13 10:02:43.227,0.84425,0.8444,1.00,2.70
2014.08.13 10:02:43.731,0.84425,0.84437,1.00,1.50
2014.08.13 10:02:44.668,0.84425,0.84436,1.00,1.50
2014.08.13 10:02:48.957,0.8442,0.84435,1.95,1.00
2014.08.13 10:02:50.685,0.84425,0.84436,1.00,1.50
2014.08.13 10:02:55.665,0.84425,0.84435,1.00,1.50
2014.08.13 10:02:55.867,0.8442,0.84435,1.08,2.25
2014.08.13 10:02:56.378,0.8442,0.84435,1.00,2.33
2014.08.13 10:02:56.887,0.8442,0.84435,1.00,2.25
2014.08.13 10:02:58.462,0.8442,0.84435,1.00,2.63
2014.08.13 10:03:01.181,0.8442,0.84435,1.00,1.53
2014.08.13 10:03:01.716,0.8442,0.84435,1.00,1.53
2014.08.13 10:03:04.372,0.8442,0.84435,1.00,1.10
2014.08.13 10:03:04.782,0.84425,0.84438,1.00,1.08
2014.08.13 10:03:05.048,0.84425,0.84439,1.00,1.00
2014.08.13 10:03:05.561,0.84425,0.8444,1.00,1.58
2014.08.13 10:03:06.132,0.84424,0.8444,1.00,1.10
2014.08.13 10:03:06.432,0.8442,0.84435,1.15,1.00
2014.08.13 10:03:09.518,0.8442,0.84435,1.53,1.00
2014.08.13 10:03:10.155,0.84425,0.8444,1.00,1.10
2014.08.13 10:03:15.010,0.84424,0.84441,1.00,1.55
2014.08.13 10:03:17.655,0.84425,0.8444,1.00,1.10
2014.08.13 10:03:18.217,0.84425,0.8444,1.18,1.00
2014.08.13 10:03:20.119,0.84425,0.8444,1.55,1.00
2014.08.13 10:03:20.631,0.84425,0.8444,1.55,1.00
2014.08.13 10:03:30.332,0.84424,0.84441,1.53,1.00
2014.08.13 10:03:31.675,0.84424,0.84441,1.48,1.00
2014.08.13 10:03:32.708,0.84424,0.84441,1.20,1.00
2014.08.13 10:03:36.035,0.84425,0.8444,1.13,1.00
2014.08.13 10:03:40.071,0.84425,0.8444,1.38,1.00
2014.08.13 10:03:40.621,0.84425,0.8444,1.13,1.00
2014.08.13 10:03:41.075,0.84422,0.84435,1.53,1.00
2014.08.13 10:03:42.227,0.84422,0.84435,1.53,1.00
2014.08.13 10:03:42.504,0.84424,0.84441,1.48,1.00
2014.08.13 10:03:43.595,0.84425,0.8444,1.38,1.00
2014.08.13 10:03:45.352,0.84425,0.8444,1.38,1.00
2014.08.13 10:03:45.503,0.8443,0.84442,1.00,1.58
2014.08.13 10:03:45.604,0.8443,0.84445,1.00,1.65
2014.08.13 10:03:46.235,0.8443,0.84445,1.00,1.00
2014.08.13 10:03:47.243,0.8443,0.84445,1.38,1.00
2014.08.13 10:03:47.344,0.84435,0.84448,1.00,1.65
2014.08.13 10:03:47.445,0.84435,0.8445,1.00,2.40
2014.08.13 10:03:47.696,0.84431,0.84445,1.38,1.00
2014.08.13 10:03:48.200,0.84431,0.84445,1.00,1.00
2014.08.13 10:03:48.747,0.84431,0.84446,1.00,1.00
2014.08.13 10:03:48.899,0.84435,0.8445,1.00,2.40
2014.08.13 10:03:49.204,0.84431,0.84445,1.00,1.00
2014.08.13 10:03:51.055,0.84431,0.84445,1.38,1.00
2014.08.13 10:03:51.206,0.84435,0.8445,1.00,1.20
2014.08.13 10:03:51.563,0.84431,0.84445,1.38,1.00
2014.08.13 10:03:51.614,0.84431,0.84445,1.13,1.00
2014.08.13 10:03:52.740,0.84435,0.8445,1.00,2.40
2014.08.13 10:03:53.750,0.84434,0.84451,1.13,1.15
2014.08.13 10:03:54.230,0.84434,0.84451,1.38,1.15
2014.08.13 10:03:54.532,0.8444,0.84455,1.00,2.70
2014.08.13 10:03:54.834,0.84435,0.8445,1.95,1.00
2014.08.13 10:03:55.365,0.84435,0.84451,1.48,1.00
2014.08.13 10:03:55.884,0.84435,0.84451,1.20,1.00
2014.08.13 10:03:56.946,0.84435,0.8445,1.95,1.00
2014.08.13 10:04:00.094,0.84435,0.84451,1.10,1.00
2014.08.13 10:04:00.641,0.84435,0.8445,1.50,1.00
2014.08.13 10:04:04.054,0.84435,0.84451,1.00,1.10
2014.08.13 10:04:05.373,0.84435,0.8445,1.50,1.00
2014.08.13 10:04:06.624,0.84436,0.8445,1.50,1.00
2014.08.13 10:04:18.364,0.84436,0.84451,1.50,1.10
2014.08.13 10:04:20.169,0.84437,0.84451,1.50,1.10
2014.08.13 10:04:20.572,0.8444,0.84455,1.00,1.08
2014.08.13 10:04:21.101,0.8444,0.84455,1.00,1.00
2014.08.13 10:04:22.115,0.84437,0.84451,2.40,1.00
2014.08.13 10:04:22.324,0.8444,0.84455,1.00,1.38
2014.08.13 10:04:26.875,0.8444,0.84455,1.00,1.15
2014.08.13 10:04:27.419,0.8444,0.84455,1.00,1.53
2014.08.13 10:04:32.322,0.8444,0.84455,1.00,4.20
2014.08.13 10:04:32.835,0.8444,0.84455,1.00,2.03
2014.08.13 10:04:33.094,0.84435,0.8445,2.63,1.00
2014.08.13 10:04:33.631,0.84435,0.8445,2.63,1.00
2014.08.13 10:04:34.878,0.8444,0.84455,1.00,2.03
2014.08.13 10:04:36.496,0.84439,0.84455,1.00,1.15
2014.08.13 10:04:37.803,0.84439,0.84456,1.00,1.28
2014.08.13 10:04:38.004,0.84439,0.84456,2.25,1.20
2014.08.13 10:04:38.586,0.8444,0.84455,2.25,1.00
2014.08.13 10:04:41.498,0.8444,0.84455,2.63,1.00
2014.08.13 10:04:41.649,0.84444,0.84459,1.00,1.28
2014.08.13 10:04:42.318,0.8444,0.84456,1.50,1.00
2014.08.13 10:04:43.626,0.8445,0.84461,1.00,4.50
2014.08.13 10:04:43.677,0.8445,0.84462,1.00,1.28
2014.08.13 10:04:44.227,0.8445,0.84465,1.00,2.03
2014.08.13 10:04:48.271,0.8445,0.84465,1.00,1.10
2014.08.13 10:04:48.423,0.8445,0.84465,1.38,1.10
2014.08.13 10:04:48.725,0.84454,0.84472,1.13,1.28
2014.08.13 10:04:49.234,0.84455,0.84474,1.38,1.28
2014.08.13 10:04:49.756,0.84455,0.84475,1.00,1.53
2014.08.13 10:04:50.264,0.84455,0.84474,1.38,1.28
2014.08.13 10:04:50.785,0.84455,0.84474,1.13,1.53
2014.08.13 10:04:51.762,0.84452,0.84471,1.58,1.00
2014.08.13 10:04:52.884,0.84452,0.8447,1.58,1.00
2014.08.13 10:04:53.326,0.84455,0.84474,1.45,1.10
2014.08.13 10:04:53.678,0.84459,0.84476,1.00,1.55
2014.08.13 10:04:54.267,0.8446,0.84475,1.00,1.20
2014.08.13 10:04:55.102,0.84455,0.84475,1.45,1.58
2014.08.13 10:04:55.253,0.84454,0.84475,2.03,1.20
2014.08.13 10:04:55.303,0.84454,0.84474,1.28,1.08
2014.08.13 10:04:56.317,0.84452,0.8447,1.53,1.00
2014.08.13 10:04:56.833,0.84452,0.8447,1.55,1.08
2014.08.13 10:05:00.305,0.84452,0.8447,1.48,1.18
2014.08.13 10:05:04.034,0.84452,0.8447,1.45,1.00
2014.08.13 10:05:08.836,0.84452,0.8447,1.45,1.00
2014.08.13 10:05:14.924,0.84452,0.8447,1.38,1.08
2014.08.13 10:05:15.487,0.84451,0.8447,1.38,1.15
2014.08.13 10:05:16.492,0.84451,0.8447,1.00,1.53
2014.08.13 10:05:16.794,0.84449,0.84466,1.00,1.53
2014.08.13 10:05:17.122,0.84447,0.84461,1.00,1.00
2014.08.13 10:05:17.834,0.84447,0.8446,1.00,1.00
2014.08.13 10:05:17.986,0.84445,0.8446,1.00,1.00
2014.08.13 10:05:18.512,0.84442,0.8446,1.38,1.20
2014.08.13 10:05:19.597,0.84445,0.84464,1.00,7.13
2014.08.13 10:05:25.967,0.84442,0.8446,1.00,1.20
2014.08.13 10:05:26.067,0.84441,0.8446,1.00,1.15
2014.08.13 10:05:26.369,0.8444,0.84455,1.00,1.08
2014.08.13 10:05:30.662,0.8444,0.84455,1.00,1.18
2014.08.13 10:05:34.993,0.84439,0.84456,1.00,3.45
2014.08.13 10:05:38.129,0.84439,0.84456,1.13,1.15
2014.08.13 10:05:38.664,0.84439,0.84456,1.13,1.18
2014.08.13 10:05:40.114,0.84439,0.84456,1.38,1.18
2014.08.13 10:05:40.626,0.84439,0.84456,1.38,1.10
2014.08.13 10:05:40.677,0.84439,0.84456,1.13,1.10
2014.08.13 10:05:41.260,0.8444,0.84455,1.00,1.00
2014.08.13 10:05:41.856,0.8444,0.84455,1.38,1.00
2014.08.13 10:05:43.026,0.84439,0.84456,1.38,1.10
2014.08.13 10:05:43.863,0.84439,0.84456,1.28,1.00
2014.08.13 10:05:44.384,0.8444,0.84455,1.00,1.10
2014.08.13 10:05:44.795,0.84445,0.8446,1.00,1.65
2014.08.13 10:05:44.896,0.84445,0.8446,1.00,1.65
2014.08.13 10:05:45.442,0.84445,0.8446,1.18,1.00
2014.08.13 10:05:46.559,0.84445,0.8446,1.55,1.00
2014.08.13 10:05:46.660,0.84449,0.84465,1.00,1.28
2014.08.13 10:05:46.711,0.84449,0.84465,1.00,1.20
2014.08.13 10:05:47.295,0.8445,0.84465,1.00,1.13
2014.08.13 10:05:47.653,0.84446,0.8446,1.15,1.00
2014.08.13 10:05:47.905,0.8445,0.84465,1.00,1.48
2014.08.13 10:05:48.131,0.84446,0.8446,1.15,1.00
2014.08.13 10:05:48.483,0.84446,0.8446,1.10,1.00
2014.08.13 10:05:49.213,0.84445,0.8446,1.28,1.00
2014.08.13 10:05:49.754,0.84445,0.8446,1.53,1.00
2014.08.13 10:05:55.499,0.84444,0.84461,3.45,1.00
2014.08.13 10:05:56.926,0.84445,0.84461,1.20,1.00
2014.08.13 10:05:57.438,0.84445,0.8446,1.65,1.00
2014.08.13 10:05:59.118,0.84444,0.84461,2.03,1.00
2014.08.13 10:05:59.691,0.84444,0.84461,2.03,1.00
2014.08.13 10:06:00.223,0.84445,0.8446,1.00,1.00
2014.08.13 10:06:02.020,0.84445,0.8446,1.00,1.38
2014.08.13 10:06:02.071,0.84442,0.84455,1.08,1.00
2014.08.13 10:06:02.122,0.84442,0.84455,1.10,1.00
2014.08.13 10:06:02.323,0.8444,0.84455,2.03,1.00
2014.08.13 10:06:02.979,0.84444,0.84461,1.00,1.53
2014.08.13 10:06:04.376,0.84444,0.84461,1.00,1.53
2014.08.13 10:06:10.302,0.84445,0.8446,1.00,1.28
2014.08.13 10:06:11.422,0.84444,0.84461,1.00,1.53
2014.08.13 10:06:12.659,0.84444,0.84461,1.00,1.18
2014.08.13 10:06:13.204,0.84445,0.8446,1.00,1.00
2014.08.13 10:06:13.820,0.84444,0.84461,1.10,1.00
2014.08.13 10:06:14.123,0.84445,0.8446,1.45,1.00
2014.08.13 10:06:14.425,0.84455,0.84468,1.08,2.25
2014.08.13 10:06:14.626,0.84455,0.8447,1.20,1.00
2014.08.13 10:06:14.727,0.84453,0.84465,1.08,1.00
2014.08.13 10:06:14.928,0.84452,0.84465,1.00,1.00
2014.08.13 10:06:15.143,0.84454,0.84471,1.00,2.40
2014.08.13 10:06:15.673,0.84455,0.8447,1.00,1.20
2014.08.13 10:06:16.134,0.84455,0.8447,1.00,1.58
2014.08.13 10:06:16.572,0.84452,0.84465,1.00,1.00
2014.08.13 10:06:18.376,0.8445,0.84465,1.20,1.00
2014.08.13 10:06:18.915,0.84449,0.84465,1.00,1.10
2014.08.13 10:06:21.411,0.84449,0.8446,1.10,1.00
2014.08.13 10:06:22.423,0.84449,0.84465,1.10,1.00
2014.08.13 10:06:24.977,0.84449,0.84466,1.10,1.00
2014.08.13 10:06:28.122,0.8445,0.84469,1.00,2.03
2014.08.13 10:06:28.651,0.8445,0.84469,1.00,2.03
2014.08.13 10:06:29.352,0.84447,0.84466,1.53,1.13
2014.08.13 10:06:31.452,0.8445,0.84468,1.00,2.78
2014.08.13 10:06:32.425,0.84449,0.84466,1.20,1.00
2014.08.13 10:06:36.592,0.8445,0.84469,1.00,2.03
2014.08.13 10:06:37.150,0.8445,0.84469,1.00,2.03
2014.08.13 10:06:39.231,0.8445,0.84467,1.00,1.53
2014.08.13 10:06:39.386,0.84446,0.84461,1.00,1.00
2014.08.13 10:06:39.738,0.84444,0.84461,1.00,1.10
2014.08.13 10:06:40.141,0.8445,0.84464,1.00,1.65
2014.08.13 10:06:40.192,0.8445,0.84464,1.00,1.65
2014.08.13 10:06:40.293,0.8445,0.84465,1.00,1.10
2014.08.13 10:06:54.064,0.8445,0.84468,1.00,1.18
2014.08.13 10:06:54.610,0.8445,0.84468,1.18,1.88
2014.08.13 10:06:55.170,0.84455,0.8447,1.00,2.78
2014.08.13 10:06:55.380,0.8445,0.8447,1.18,3.53
2014.08.13 10:06:55.913,0.8445,0.8447,1.00,3.53
2014.08.13 10:06:57.678,0.8445,0.84469,1.00,3.15
2014.08.13 10:06:57.979,0.8445,0.84463,1.00,1.95
2014.08.13 10:06:59.034,0.84445,0.8446,1.00,1.00
2014.08.13 10:06:59.341,0.8445,0.84465,1.00,1.20
2014.08.13 10:06:59.924,0.8445,0.84468,1.00,1.53
2014.08.13 10:07:03.081,0.8445,0.84468,1.00,3.45
2014.08.13 10:07:03.282,0.84446,0.84465,1.48,1.20
2014.08.13 10:07:03.501,0.8445,0.84466,1.00,2.03
2014.08.13 10:07:06.171,0.84449,0.84466,1.00,2.03
2014.08.13 10:07:06.272,0.84445,0.84465,1.45,1.20
2014.08.13 10:07:09.110,0.8445,0.84466,1.00,2.03
2014.08.13 10:07:09.440,0.84445,0.84465,1.45,1.20
2014.08.13 10:07:09.942,0.84445,0.84465,1.08,1.45
2014.08.13 10:07:10.093,0.84445,0.84464,1.00,4.20
2014.08.13 10:07:10.143,0.84443,0.8446,1.00,1.20
2014.08.13 10:07:10.244,0.84443,0.84458,1.00,1.50
2014.08.13 10:07:10.345,0.8444,0.84457,1.95,1.50
2014.08.13 10:07:10.858,0.8444,0.84456,1.00,2.40
2014.08.13 10:07:16.896,0.8444,0.84458,1.00,1.15
2014.08.13 10:07:16.947,0.84445,0.84458,1.00,1.15
2014.08.13 10:07:17.377,0.84444,0.8446,1.00,1.58
2014.08.13 10:07:18.122,0.84444,0.8446,1.00,1.95
2014.08.13 10:07:18.374,0.8444,0.8446,1.48,2.78
2014.08.13 10:07:18.676,0.8444,0.84458,1.00,2.03
2014.08.13 10:07:19.031,0.8444,0.84456,1.00,1.28
2014.08.13 10:07:22.893,0.84445,0.84458,1.00,3.08
2014.08.13 10:07:22.943,0.84445,0.84458,1.00,1.08
2014.08.13 10:07:23.044,0.84445,0.84458,1.00,1.10
2014.08.13 10:07:27.832,0.8445,0.84461,1.00,2.03
2014.08.13 10:07:27.882,0.8445,0.84461,1.00,1.50
2014.08.13 10:07:28.486,0.8445,0.84465,1.00,2.03
2014.08.13 10:07:28.581,0.84445,0.8446,1.00,1.00
2014.08.13 10:07:30.041,0.84444,0.84455,1.00,1.00
2014.08.13 10:07:30.092,0.8444,0.84455,1.48,1.00
2014.08.13 10:07:30.142,0.84445,0.8446,1.00,1.15
2014.08.13 10:07:30.293,0.84445,0.8446,1.00,1.00
2014.08.13 10:07:30.394,0.84444,0.84461,1.00,1.15
2014.08.13 10:07:30.545,0.84445,0.8446,1.00,1.10
2014.08.13 10:07:30.746,0.84445,0.8446,1.00,1.18
2014.08.13 10:07:31.511,0.84445,0.8446,1.00,3.08
2014.08.13 10:07:33.645,0.8444,0.84455,1.00,1.00
2014.08.13 10:07:34.191,0.84445,0.8446,1.00,3.08
2014.08.13 10:07:36.171,0.8444,0.84455,1.00,1.15
2014.08.13 10:07:36.424,0.84435,0.8445,1.10,1.00
2014.08.13 10:07:36.963,0.84435,0.8445,1.00,1.18
2014.08.13 10:07:37.416,0.8444,0.84455,1.00,1.18
2014.08.13 10:07:37.718,0.84445,0.8446,1.00,5.33
2014.08.13 10:07:37.869,0.84436,0.84455,1.15,1.00
2014.08.13 10:07:38.431,0.84436,0.84456,1.38,1.15
2014.08.13 10:07:38.970,0.8444,0.84458,1.00,2.03
2014.08.13 10:07:40.175,0.84436,0.84455,1.38,1.20
2014.08.13 10:07:40.429,0.84436,0.84455,1.38,2.40
2014.08.13 10:07:40.921,0.8444,0.84455,1.00,2.40
2014.08.13 10:07:41.231,0.84445,0.84459,1.00,2.03
2014.08.13 10:07:44.340,0.8444,0.84455,1.13,1.00
2014.08.13 10:08:12.536,0.8444,0.84455,1.00,1.45
2014.08.13 10:08:12.849,0.8444,0.84454,1.00,2.78
2014.08.13 10:08:13.790,0.84435,0.8445,1.13,1.00
2014.08.13 10:08:15.915,0.84434,0.84451,1.00,1.10
2014.08.13 10:08:16.462,0.84435,0.8445,1.00,1.20
2014.08.13 10:08:20.935,0.84435,0.8445,1.00,1.28
2014.08.13 10:08:21.390,0.8443,0.84445,1.00,1.00
2014.08.13 10:08:21.914,0.84429,0.84446,1.00,1.00
2014.08.13 10:08:22.180,0.84434,0.84448,1.00,1.53
2014.08.13 10:08:22.692,0.84434,0.84451,1.00,2.03
2014.08.13 10:08:23.204,0.84435,0.8445,1.00,3.08
2014.08.13 10:08:25.369,0.8444,0.84451,1.00,2.33
2014.08.13 10:08:25.470,0.8444,0.84452,1.00,1.15
2014.08.13 10:08:25.570,0.8444,0.84452,1.00,1.18
2014.08.13 10:08:26.071,0.8444,0.84458,1.00,5.63
2014.08.13 10:08:26.172,0.8444,0.84458,1.00,1.28
2014.08.13 10:08:30.889,0.84435,0.84456,2.03,1.20
2014.08.13 10:08:32.270,0.84435,0.84455,2.78,1.00
2014.08.13 10:08:32.458,0.84435,0.84455,2.78,1.00
2014.08.13 10:08:32.620,0.84435,0.84455,2.70,1.28
2014.08.13 10:08:33.164,0.84435,0.84455,1.20,2.03
2014.08.13 10:08:33.544,0.84439,0.84455,1.00,1.28
2014.08.13 10:08:33.595,0.84435,0.84455,1.20,2.03
2014.08.13 10:08:35.129,0.8444,0.84455,1.00,1.28
2014.08.13 10:08:35.650,0.8444,0.84456,1.00,1.10
2014.08.13 10:08:37.989,0.84439,0.84458,1.13,1.28
2014.08.13 10:08:38.455,0.84439,0.84456,1.13,1.15
2014.08.13 10:08:38.990,0.8444,0.84456,1.00,1.15
2014.08.13 10:08:39.889,0.84445,0.84456,1.00,1.15
2014.08.13 10:08:40.443,0.84445,0.84457,1.00,3.45
2014.08.13 10:08:40.970,0.84445,0.84456,1.00,2.33
2014.08.13 10:08:42.245,0.84445,0.84457,1.00,2.70
2014.08.13 10:08:42.910,0.84445,0.84458,1.00,3.45
2014.08.13 10:08:44.699,0.8444,0.84455,1.00,1.18
2014.08.13 10:08:53.169,0.84439,0.84456,1.00,1.28
2014.08.13 10:09:02.397,0.84439,0.84456,1.00,1.28
2014.08.13 10:09:02.916,0.8444,0.84455,1.00,1.00
2014.08.13 10:09:04.086,0.84439,0.84456,1.00,1.58
2014.08.13 10:09:04.842,0.84439,0.84456,1.00,1.55
2014.08.13 10:09:05.401,0.84439,0.84456,1.00,1.53
2014.08.13 10:09:08.168,0.84439,0.84456,1.00,1.28
2014.08.13 10:09:08.676,0.84439,0.84456,1.00,1.28
2014.08.13 10:09:13.184,0.8444,0.84455,1.00,1.20
2014.08.13 10:09:25.654,0.8444,0.84455,1.00,1.48
2014.08.13 10:09:26.212,0.84439,0.84456,1.00,1.55
2014.08.13 10:09:28.955,0.84439,0.84456,1.00,1.55
2014.08.13 10:09:29.681,0.84439,0.84456,1.00,1.55
2014.08.13 10:09:33.670,0.84439,0.84456,1.00,1.55
2014.08.13 10:09:39.893,0.84439,0.84455,1.00,1.95
2014.08.13 10:09:40.410,0.84439,0.84456,1.00,2.78
2014.08.13 10:09:44.300,0.84439,0.84456,1.00,1.55
2014.08.13 10:09:44.801,0.8444,0.84455,1.00,1.10
2014.08.13 10:09:48.514,0.84439,0.84456,1.00,2.78
2014.08.13 10:09:48.615,0.84435,0.8445,1.28,1.00
2014.08.13 10:09:49.480,0.8444,0.84455,1.00,2.78
2014.08.13 10:10:01.564,0.84435,0.8445,1.58,1.00
2014.08.13 10:10:01.925,0.8444,0.84455,1.00,2.78
2014.08.13 10:10:08.625,0.84439,0.84455,1.00,2.03
2014.08.13 10:10:11.349,0.8444,0.84455,1.00,2.78
2014.08.13 10:10:14.366,0.8444,0.84454,1.00,1.18
2014.08.13 10:10:14.883,0.8444,0.84455,1.00,2.78
2014.08.13 10:10:20.150,0.8444,0.84455,1.00,2.40
2014.08.13 10:10:20.301,0.8444,0.84455,1.13,2.25
2014.08.13 10:10:20.402,0.84445,0.84455,1.00,1.50
2014.08.13 10:10:20.503,0.8444,0.84455,1.00,2.25
2014.08.13 10:10:21.777,0.8444,0.84455,1.38,2.25
2014.08.13 10:10:22.280,0.84439,0.84455,1.48,1.50
2014.08.13 10:10:22.381,0.8444,0.84455,1.00,2.25
2014.08.13 10:10:29.338,0.8444,0.84455,1.38,1.00
2014.08.13 10:10:29.439,0.84445,0.8446,1.13,1.58
2014.08.13 10:10:37.667,0.84441,0.84461,1.53,1.00
2014.08.13 10:10:37.818,0.8444,0.84461,1.53,1.53
2014.08.13 10:10:38.846,0.84439,0.8446,1.95,1.28
2014.08.13 10:10:39.157,0.8444,0.84455,1.00,1.00
2014.08.13 10:10:39.678,0.84439,0.84456,1.00,2.70
2014.08.13 10:10:40.293,0.84436,0.84451,1.28,1.00
2014.08.13 10:10:41.050,0.84439,0.84456,1.00,1.48
2014.08.13 10:10:41.151,0.84439,0.84456,1.00,1.20
2014.08.13 10:10:41.302,0.84436,0.84451,1.53,1.00
2014.08.13 10:10:41.504,0.8444,0.84455,1.00,1.13
2014.08.13 10:10:42.026,0.8444,0.84455,1.00,1.08
2014.08.13 10:10:43.476,0.8444,0.84455,1.00,1.10
2014.08.13 10:10:44.127,0.84437,0.84451,1.00,1.00
2014.08.13 10:10:44.379,0.8444,0.84455,1.00,1.20
2014.08.13 10:10:44.580,0.84437,0.8445,1.18,1.00
2014.08.13 10:10:45.089,0.84437,0.8445,1.00,1.00
2014.08.13 10:10:48.207,0.8444,0.84455,1.00,1.58
2014.08.13 10:10:50.389,0.8444,0.84455,1.00,1.20
2014.08.13 10:10:50.641,0.84445,0.84459,1.00,3.45
2014.08.13 10:10:50.842,0.8444,0.84455,1.10,1.10
2014.08.13 10:10:56.010,0.84445,0.84458,1.00,2.03
2014.08.13 10:10:56.161,0.8444,0.84455,1.00,1.10
2014.08.13 10:10:57.896,0.84445,0.84458,1.00,1.55
2014.08.13 10:10:57.999,0.8444,0.84455,1.00,1.00
2014.08.13 10:11:00.965,0.84445,0.84459,1.00,3.45
2014.08.13 10:11:01.323,0.84445,0.8446,1.00,1.53
2014.08.13 10:11:01.424,0.84445,0.8446,1.00,1.18
2014.08.13 10:11:01.994,0.84444,0.84461,1.00,1.65
2014.08.13 10:11:02.607,0.84445,0.8446,1.00,1.18
2014.08.13 10:11:05.516,0.84444,0.84461,1.00,1.53
2014.08.13 10:11:06.700,0.84445,0.8446,1.00,1.18
2014.08.13 10:11:07.912,0.84445,0.8446,1.00,1.00
2014.08.13 10:11:13.857,0.84445,0.8446,1.00,1.28
2014.08.13 10:11:16.138,0.84444,0.84461,1.00,1.53
2014.08.13 10:11:19.346,0.84445,0.8446,1.00,1.18
2014.08.13 10:11:23.848,0.84449,0.84462,1.00,1.15
2014.08.13 10:11:24.301,0.84455,0.84464,1.00,2.25
2014.08.13 10:11:24.352,0.84455,0.84468,1.00,1.28
2014.08.13 10:11:24.403,0.8445,0.84465,1.13,1.00
2014.08.13 10:11:25.012,0.8445,0.84465,1.38,1.00
2014.08.13 10:11:25.318,0.84455,0.84468,1.00,1.20
2014.08.13 10:11:29.055,0.8445,0.84465,1.38,1.00
2014.08.13 10:11:30.283,0.8445,0.84465,1.13,1.00
2014.08.13 10:11:30.895,0.84454,0.84468,1.00,1.28
2014.08.13 10:11:39.598,0.84455,0.84468,1.00,1.00
2014.08.13 10:11:43.425,0.84454,0.84468,1.00,1.00
2014.08.13 10:11:51.359,0.84455,0.84468,1.00,1.00
2014.08.13 10:11:51.661,0.8446,0.84473,1.00,1.28
2014.08.13 10:11:52.224,0.84459,0.84474,1.00,2.70
2014.08.13 10:11:52.634,0.84459,0.84475,1.00,1.28
2014.08.13 10:11:54.762,0.8446,0.84475,1.00,2.03
2014.08.13 10:11:55.277,0.8446,0.84475,1.00,1.15
2014.08.13 10:11:55.378,0.8446,0.84475,1.00,1.10
2014.08.13 10:11:56.312,0.84459,0.84476,1.00,1.18
2014.08.13 10:11:56.835,0.8446,0.84475,1.00,1.10
2014.08.13 10:12:00.268,0.84465,0.84478,1.00,1.15
2014.08.13 10:12:00.709,0.84459,0.84476,1.20,1.10
2014.08.13 10:12:01.925,0.84465,0.84477,1.00,1.18
2014.08.13 10:12:02.127,0.8446,0.84475,1.00,1.15
2014.08.13 10:12:02.665,0.84459,0.84476,1.00,2.03
2014.08.13 10:12:11.366,0.8446,0.84475,1.00,1.15
2014.08.13 10:12:11.769,0.8446,0.84473,1.00,1.45
2014.08.13 10:12:11.819,0.84455,0.8447,1.00,1.00
2014.08.13 10:12:12.021,0.84454,0.84471,1.00,1.53
2014.08.13 10:12:12.544,0.84455,0.8447,1.00,1.15
2014.08.13 10:12:14.927,0.84455,0.84469,1.00,2.70
2014.08.13 10:12:20.796,0.84454,0.84469,1.00,2.70
2014.08.13 10:12:21.337,0.84455,0.8447,1.00,3.08
2014.08.13 10:12:22.049,0.84455,0.8447,1.00,1.15
2014.08.13 10:12:22.879,0.84455,0.8447,1.00,1.00
2014.08.13 10:12:24.694,0.84454,0.84471,1.13,1.20
2014.08.13 10:12:25.246,0.84454,0.84471,1.38,1.20
2014.08.13 10:12:25.806,0.84455,0.8447,1.00,1.00
2014.08.13 10:12:27.753,0.84454,0.84471,1.00,1.20
2014.08.13 10:12:28.862,0.84455,0.8447,1.00,1.00
2014.08.13 10:12:29.734,0.84454,0.84471,1.00,1.58
2014.08.13 10:12:29.835,0.84455,0.8447,1.00,1.20
2014.08.13 10:12:30.377,0.84454,0.84471,1.00,1.18
2014.08.13 10:12:30.628,0.8446,0.84473,1.00,1.15
2014.08.13 10:12:32.016,0.84454,0.84471,1.38,1.18
2014.08.13 10:12:36.957,0.84454,0.84471,1.00,1.18
2014.08.13 10:12:39.166,0.84455,0.8447,1.00,1.10
2014.08.13 10:12:42.246,0.84454,0.84471,1.13,1.18
2014.08.13 10:12:42.791,0.84455,0.8447,1.00,1.10
2014.08.13 10:12:44.578,0.84454,0.84471,1.13,1.18
2014.08.13 10:12:45.086,0.84455,0.8447,1.00,1.10
2014.08.13 10:12:47.000,0.84454,0.84471,1.00,4.20
2014.08.13 10:12:48.186,0.84454,0.84471,1.00,2.03
2014.08.13 10:12:49.599,0.84454,0.84471,1.00,2.03
2014.08.13 10:12:50.117,0.84455,0.8447,1.00,1.20
2014.08.13 10:12:50.565,0.84454,0.84471,1.00,2.03
2014.08.13 10:12:50.866,0.84454,0.84472,1.00,1.15
2014.08.13 10:12:51.376,0.84455,0.8447,1.00,1.10
2014.08.13 10:12:51.834,0.8445,0.84465,2.40,1.00
2014.08.13 10:12:51.885,0.8445,0.84465,1.00,1.00
2014.08.13 10:12:52.086,0.84455,0.84471,1.00,5.63
2014.08.13 10:12:52.296,0.8445,0.84468,1.13,1.15
2014.08.13 10:12:52.497,0.84455,0.84469,1.00,1.58
2014.08.13 10:12:52.799,0.8446,0.84475,1.00,1.90
2014.08.13 10:12:53.916,0.8446,0.84475,1.00,1.13
2014.08.13 10:12:54.499,0.84459,0.84476,1.13,1.10
2014.08.13 10:12:54.566,0.84465,0.84479,1.00,1.28
2014.08.13 10:12:56.209,0.84465,0.84479,1.00,1.18
2014.08.13 10:12:56.259,0.84465,0.84479,1.00,1.10
2014.08.13 10:12:57.378,0.84465,0.84479,1.00,1.48
2014.08.13 10:12:57.645,0.84459,0.84476,1.53,1.00
2014.08.13 10:12:58.085,0.84465,0.84479,1.00,1.48
2014.08.13 10:12:58.449,0.84465,0.84479,1.00,1.53
2014.08.13 10:12:58.664,0.8446,0.84475,1.13,1.00
2014.08.13 10:13:02.544,0.8446,0.84475,1.38,1.00
2014.08.13 10:13:03.120,0.8446,0.84475,1.00,1.00
2014.08.13 10:13:06.321,0.8446,0.84475,1.38,1.00
2014.08.13 10:13:06.573,0.84464,0.84479,1.00,1.15
2014.08.13 10:13:07.031,0.8446,0.84475,1.38,1.00
2014.08.13 10:13:10.378,0.8446,0.84475,1.13,1.00
2014.08.13 10:13:14.594,0.84459,0.84476,1.38,1.10
2014.08.13 10:13:15.686,0.8446,0.84475,1.13,1.00
2014.08.13 10:13:16.227,0.84459,0.84476,1.38,1.10
2014.08.13 10:13:17.115,0.8446,0.84475,1.13,1.00
2014.08.13 10:13:18.299,0.8446,0.84475,1.38,1.00
2014.08.13 10:13:18.835,0.8446,0.84475,1.13,1.00
2014.08.13 10:13:20.141,0.8446,0.84475,1.38,1.00
2014.08.13 10:13:20.635,0.84464,0.8448,1.00,3.45
2014.08.13 10:13:20.886,0.8446,0.84475,1.38,1.00
2014.08.13 10:13:30.717,0.8446,0.84475,1.13,1.00
2014.08.13 10:13:31.384,0.8446,0.84475,1.38,1.00
2014.08.13 10:13:32.148,0.8446,0.84475,1.13,1.00
2014.08.13 10:13:32.713,0.8446,0.84475,1.38,1.00
2014.08.13 10:13:35.406,0.8446,0.84476,1.88,1.10
2014.08.13 10:13:38.345,0.84465,0.8448,1.00,4.20
2014.08.13 10:13:39.322,0.84465,0.8448,1.00,1.65
2014.08.13 10:13:39.626,0.8447,0.84481,1.00,1.10
2014.08.13 10:13:40.135,0.84469,0.84484,1.00,1.53
2014.08.13 10:13:42.312,0.8447,0.84484,1.00,1.53
2014.08.13 10:13:53.514,0.84469,0.84485,1.00,2.70
2014.08.13 10:13:54.066,0.8447,0.84485,1.00,3.45
2014.08.13 10:14:00.432,0.8447,0.84485,1.00,1.53
2014.08.13 10:14:04.205,0.84469,0.84486,1.00,4.20
2014.08.13 10:14:05.283,0.8447,0.84485,1.00,1.28
2014.08.13 10:14:05.930,0.84469,0.84486,1.00,4.20
2014.08.13 10:14:06.199,0.84469,0.84486,1.00,1.95
2014.08.13 10:14:07.153,0.8447,0.84485,1.00,1.10
2014.08.13 10:14:07.822,0.84475,0.84486,1.00,1.20
2014.08.13 10:14:08.023,0.84475,0.84488,1.00,1.18
2014.08.13 10:14:08.174,0.8448,0.84491,1.00,1.45
2014.08.13 10:14:08.225,0.8448,0.84491,1.00,1.10
2014.08.13 10:14:08.376,0.8448,0.84494,1.00,1.55
2014.08.13 10:14:10.396,0.8448,0.84495,1.00,2.03
2014.08.13 10:14:10.715,0.84474,0.84491,1.00,1.13
2014.08.13 10:14:10.766,0.84474,0.84491,1.00,1.28
2014.08.13 10:14:11.267,0.84475,0.8449,1.00,1.65
2014.08.13 10:14:12.344,0.84474,0.8449,1.00,1.18
2014.08.13 10:14:13.643,0.84475,0.8449,1.00,1.65
2014.08.13 10:14:14.344,0.84475,0.8449,1.13,1.10
2014.08.13 10:14:14.646,0.8448,0.84492,1.00,1.08
2014.08.13 10:14:14.797,0.8448,0.84495,2.63,1.10
2014.08.13 10:14:14.898,0.84477,0.84496,1.88,1.18
2014.08.13 10:14:15.468,0.84477,0.84496,1.50,1.18
2014.08.13 10:14:15.980,0.84477,0.84496,1.88,1.18
2014.08.13 10:14:16.496,0.84477,0.84495,1.88,1.10
2014.08.13 10:14:17.093,0.84477,0.84495,1.88,1.10
2014.08.13 10:14:17.395,0.8448,0.84497,1.00,1.28
2014.08.13 10:14:21.148,0.84479,0.84497,1.13,1.28
2014.08.13 10:14:21.711,0.8448,0.84497,1.00,1.28
2014.08.13 10:14:23.542,0.84477,0.84495,1.88,1.10
2014.08.13 10:14:27.065,0.8448,0.84495,1.00,1.10
2014.08.13 10:14:27.627,0.8448,0.84495,2.63,1.00
2014.08.13 10:14:28.137,0.8448,0.84496,1.88,1.10
2014.08.13 10:14:28.853,0.84482,0.84496,1.50,1.10
2014.08.13 10:14:29.363,0.8448,0.84496,1.88,1.10
2014.08.13 10:14:30.685,0.84479,0.84496,3.08,1.10
2014.08.13 10:14:30.886,0.8448,0.84496,1.95,1.00
2014.08.13 10:14:30.937,0.84485,0.84499,1.00,1.15
2014.08.13 10:14:31.038,0.84485,0.84499,1.13,1.10
2014.08.13 10:14:31.139,0.84484,0.84501,1.38,1.58
2014.08.13 10:14:31.340,0.84485,0.845,1.38,1.00
2014.08.13 10:14:31.491,0.84486,0.84503,1.50,1.10
2014.08.13 10:14:31.920,0.84486,0.84506,1.65,1.18
2014.08.13 10:14:33.256,0.8449,0.84507,1.00,1.28
2014.08.13 10:14:34.251,0.84486,0.84505,2.03,1.10
2014.08.13 10:14:34.683,0.84486,0.84505,1.88,1.15
2014.08.13 10:14:35.414,0.84486,0.84506,1.88,1.15
2014.08.13 10:14:36.877,0.84486,0.84506,1.88,1.15
2014.08.13 10:14:37.083,0.84486,0.84506,2.03,1.15
2014.08.13 10:14:39.616,0.84486,0.84506,2.03,1.15
2014.08.13 10:14:40.144,0.84486,0.84505,2.03,1.20
2014.08.13 10:14:41.082,0.8449,0.84505,1.00,1.20
2014.08.13 10:14:41.492,0.8449,0.84505,1.38,1.00
2014.08.13 10:14:41.799,0.84495,0.84509,1.00,1.15
2014.08.13 10:14:41.950,0.84495,0.84509,1.00,1.10
2014.08.13 10:14:42.151,0.84494,0.84511,1.38,1.58
2014.08.13 10:14:42.986,0.84496,0.84515,1.88,3.08
2014.08.13 10:14:43.036,0.84496,0.84516,1.95,2.03
2014.08.13 10:14:43.288,0.84496,0.84516,1.95,2.03
2014.08.13 10:14:43.826,0.84496,0.84516,1.48,1.18
2014.08.13 10:14:44.128,0.84504,0.84519,1.00,1.53
2014.08.13 10:14:44.379,0.845,0.84515,1.13,1.00
2014.08.13 10:14:45.473,0.84501,0.84516,1.50,1.10
2014.08.13 10:14:46.035,0.84501,0.84515,1.50,1.00
2014.08.13 10:14:47.635,0.84505,0.84518,1.00,1.53
2014.08.13 10:14:47.853,0.84501,0.84516,1.50,1.10
2014.08.13 10:14:47.993,0.84499,0.84516,2.63,1.10
2014.08.13 10:14:49.625,0.845,0.84515,1.00,1.00
2014.08.13 10:14:50.214,0.845,0.84515,1.00,1.18
2014.08.13 10:14:50.365,0.845,0.84515,1.00,1.53
2014.08.13 10:14:50.720,0.84505,0.84516,1.00,3.45
2014.08.13 10:14:50.822,0.84499,0.84516,1.00,4.20
2014.08.13 10:14:50.873,0.84499,0.84516,1.00,2.03
2014.08.13 10:14:51.263,0.84505,0.84516,1.00,1.53
2014.08.13 10:14:51.414,0.84499,0.84516,1.00,2.03
2014.08.13 10:14:51.951,0.845,0.84515,1.00,1.28
2014.08.13 10:14:52.914,0.84496,0.84511,1.58,1.00
2014.08.13 10:14:53.435,0.84495,0.8451,1.28,1.00
2014.08.13 10:14:54.046,0.84495,0.8451,1.13,1.00
2014.08.13 10:14:54.554,0.84496,0.84511,1.88,1.00
2014.08.13 10:14:54.604,0.845,0.84514,1.00,1.15
2014.08.13 10:14:55.124,0.845,0.84514,1.00,1.18
2014.08.13 10:14:56.809,0.84495,0.84511,1.95,1.00
2014.08.13 10:14:56.910,0.845,0.84515,1.00,1.28
2014.08.13 10:14:57.372,0.845,0.84515,1.00,3.45
2014.08.13 10:14:57.895,0.845,0.84515,1.00,1.15
2014.08.13 10:14:58.119,0.845,0.84515,1.00,1.08
2014.08.13 10:14:59.289,0.845,0.84515,1.00,1.28
2014.08.13 10:14:59.389,0.84496,0.8451,1.50,1.00
2014.08.13 10:14:59.440,0.845,0.84515,1.00,1.53
2014.08.13 10:14:59.993,0.84495,0.8451,2.63,1.00
2014.08.13 10:15:00.527,0.84496,0.8451,1.50,1.10
2014.08.13 10:15:00.641,0.845,0.84515,1.00,2.03
2014.08.13 10:15:01.053,0.84495,0.8451,1.13,1.00
2014.08.13 10:15:01.554,0.84494,0.84511,2.70,1.00
2014.08.13 10:15:02.866,0.845,0.84514,1.00,1.53
2014.08.13 10:15:02.967,0.84495,0.84511,1.88,1.00
2014.08.13 10:15:03.483,0.845,0.84514,1.00,1.53
2014.08.13 10:15:08.755,0.84499,0.84514,1.00,1.15
2014.08.13 10:15:09.125,0.84495,0.8451,2.63,1.00
2014.08.13 10:15:12.400,0.84495,0.8451,2.63,1.00
2014.08.13 10:15:12.602,0.84497,0.8451,1.50,1.00
2014.08.13 10:15:12.704,0.84499,0.84514,2.25,1.08
2014.08.13 10:15:12.805,0.84499,0.84514,2.33,1.08
2014.08.13 10:15:12.956,0.845,0.84515,1.00,1.08
2014.08.13 10:15:13.164,0.845,0.84518,1.00,1.00
2014.08.13 10:15:13.366,0.84501,0.84518,1.65,1.00
2014.08.13 10:15:13.680,0.84505,0.8452,1.00,1.10
2014.08.13 10:15:14.510,0.84501,0.8452,1.65,1.58
2014.08.13 10:15:14.854,0.84505,0.8452,1.00,1.15
2014.08.13 10:15:15.777,0.84505,0.8452,1.00,1.10
2014.08.13 10:15:17.778,0.84505,0.84521,1.00,1.20
2014.08.13 10:15:19.359,0.845,0.8452,2.78,1.00
2014.08.13 10:15:19.865,0.84505,0.84521,1.00,1.10
2014.08.13 10:15:20.543,0.84502,0.8452,1.95,1.00
2014.08.13 10:15:21.058,0.84501,0.84521,1.95,2.03
2014.08.13 10:15:21.621,0.84501,0.84521,1.58,2.03
2014.08.13 10:15:21.876,0.84505,0.84521,1.00,1.55
2014.08.13 10:15:23.273,0.845,0.84521,1.95,2.03
2014.08.13 10:15:23.965,0.845,0.8452,1.08,2.33
2014.08.13 10:15:24.166,0.84497,0.84515,2.03,1.00
2014.08.13 10:15:24.674,0.845,0.84519,1.10,1.55
2014.08.13 10:15:27.056,0.84498,0.84516,1.20,1.20
2014.08.13 10:15:27.604,0.84497,0.84515,2.78,1.00
2014.08.13 10:15:27.934,0.84505,0.8452,1.00,4.20
2014.08.13 10:15:29.013,0.84499,0.84516,1.13,1.10
2014.08.13 10:15:33.836,0.84504,0.84518,1.00,1.53
2014.08.13 10:15:34.400,0.845,0.84515,1.00,1.00
2014.08.13 10:15:40.104,0.84504,0.84519,1.00,1.53
2014.08.13 10:15:40.356,0.845,0.84515,1.00,1.00
2014.08.13 10:15:40.434,0.84505,0.84519,1.00,1.53
2014.08.13 10:15:42.796,0.84505,0.8452,1.00,1.15
2014.08.13 10:15:42.901,0.84505,0.8452,1.00,1.10
2014.08.13 10:15:43.256,0.84504,0.84524,1.48,1.28
2014.08.13 10:15:43.357,0.84504,0.84524,1.10,1.15
2014.08.13 10:15:43.407,0.84505,0.8452,1.00,1.00
2014.08.13 10:15:45.513,0.84504,0.84521,1.00,1.18
2014.08.13 10:15:46.060,0.84505,0.8452,1.00,1.00
2014.08.13 10:15:49.564,0.84504,0.84521,1.88,1.00
2014.08.13 10:15:49.995,0.84505,0.8452,1.00,1.58
2014.08.13 10:15:50.839,0.84505,0.8452,1.00,1.28
2014.08.13 10:15:58.492,0.84504,0.84521,1.00,1.15
2014.08.13 10:15:59.044,0.84505,0.8452,2.63,1.00
2014.08.13 10:15:59.369,0.8451,0.84525,1.00,4.20
2014.08.13 10:16:00.674,0.8451,0.84525,1.00,2.03
2014.08.13 10:16:00.724,0.84506,0.8452,1.58,1.00
2014.08.13 10:16:01.275,0.84505,0.8452,2.25,1.00
2014.08.13 10:16:01.818,0.84505,0.84521,1.88,1.00
2014.08.13 10:16:03.559,0.8451,0.84525,1.00,2.03
2014.08.13 10:16:07.579,0.8451,0.84525,1.13,1.18
2014.08.13 10:16:08.105,0.8451,0.84525,1.00,1.00
2014.08.13 10:16:09.801,0.8451,0.84525,1.00,1.95
2014.08.13 10:16:13.804,0.84508,0.8452,1.50,1.00
2014.08.13 10:16:14.489,0.84506,0.8452,1.88,1.00
2014.08.13 10:16:14.832,0.8451,0.84525,1.00,2.03
2014.08.13 10:16:15.774,0.8451,0.84525,1.00,1.10
2014.08.13 10:16:17.645,0.84505,0.8452,1.53,1.00
2014.08.13 10:16:18.159,0.84505,0.8452,1.55,1.00
2014.08.13 10:16:18.678,0.84505,0.8452,1.55,1.00
2014.08.13 10:16:19.813,0.8451,0.84525,1.00,2.03
2014.08.13 10:16:23.652,0.8451,0.84525,1.00,1.50
2014.08.13 10:16:24.164,0.84509,0.84526,1.00,1.88
2014.08.13 10:16:25.094,0.8451,0.84525,1.00,1.00
2014.08.13 10:16:25.634,0.84509,0.84526,1.13,1.50
2014.08.13 10:16:26.142,0.8451,0.84525,1.00,1.00
2014.08.13 10:16:26.945,0.8451,0.84525,1.38,1.00
2014.08.13 10:16:27.276,0.84515,0.84529,1.00,1.18
2014.08.13 10:16:28.759,0.84514,0.84529,1.00,1.18
2014.08.13 10:16:29.214,0.84515,0.84529,1.00,3.08
2014.08.13 10:16:29.423,0.8451,0.84525,1.38,1.10
2014.08.13 10:16:33.194,0.8451,0.84525,1.38,1.10
2014.08.13 10:16:33.718,0.84509,0.84526,1.38,1.18
2014.08.13 10:16:33.951,0.84509,0.84526,1.00,1.55
2014.08.13 10:16:34.001,0.84509,0.84526,1.00,3.45
2014.08.13 10:16:34.727,0.8451,0.84525,1.00,1.53
2014.08.13 10:16:40.060,0.84509,0.84526,1.00,4.20
2014.08.13 10:16:40.489,0.84509,0.84523,1.00,2.33
2014.08.13 10:16:40.539,0.84505,0.8452,1.00,1.18
2014.08.13 10:16:41.021,0.84505,0.8452,1.00,3.08
2014.08.13 10:16:42.045,0.84505,0.8452,1.00,1.15
2014.08.13 10:16:42.096,0.84505,0.8452,1.00,1.18
2014.08.13 10:16:43.573,0.84504,0.84521,1.00,2.03
2014.08.13 10:16:45.490,0.84505,0.8452,1.00,1.18
2014.08.13 10:16:45.792,0.8451,0.84523,1.00,2.70
2014.08.13 10:16:45.943,0.8451,0.84524,1.00,1.53
2014.08.13 10:16:47.531,0.84509,0.84524,1.00,1.53
2014.08.13 10:16:48.131,0.84509,0.84524,1.00,5.63
2014.08.13 10:16:48.232,0.84505,0.8452,1.00,1.20
2014.08.13 10:16:52.741,0.84505,0.8452,1.00,1.58
2014.08.13 10:17:00.613,0.84505,0.8452,1.00,1.58
2014.08.13 10:17:01.158,0.84504,0.84521,1.00,1.53
2014.08.13 10:17:02.038,0.84504,0.8452,1.00,1.58
2014.08.13 10:17:03.884,0.84504,0.84521,1.00,2.03
2014.08.13 10:17:07.885,0.84504,0.84521,1.00,2.03
2014.08.13 10:17:09.000,0.84505,0.8452,1.00,1.53
2014.08.13 10:17:09.635,0.84504,0.84518,1.00,1.53
2014.08.13 10:17:10.151,0.84505,0.84518,1.00,1.53
2014.08.13 10:17:10.670,0.84505,0.84518,1.00,1.28
2014.08.13 10:17:11.299,0.845,0.84515,1.00,1.00
2014.08.13 10:17:11.652,0.84505,0.84519,1.00,1.55
2014.08.13 10:17:11.853,0.84499,0.84516,1.28,1.00
2014.08.13 10:17:12.378,0.845,0.84515,1.00,1.10
2014.08.13 10:17:13.932,0.84499,0.84516,1.00,1.28
2014.08.13 10:17:15.046,0.845,0.84515,1.00,1.10
2014.08.13 10:17:20.596,0.845,0.84515,1.00,1.48
2014.08.13 10:17:20.898,0.84495,0.8451,1.00,1.00
2014.08.13 10:17:22.433,0.84494,0.84511,1.00,1.00
2014.08.13 10:17:23.296,0.845,0.84514,1.00,1.53
2014.08.13 10:17:24.863,0.845,0.84513,1.00,1.53
2014.08.13 10:17:24.964,0.84494,0.84511,1.00,1.53
2014.08.13 10:17:25.166,0.84495,0.84506,1.00,1.00
2014.08.13 10:17:25.422,0.84489,0.84506,1.00,1.10
2014.08.13 10:17:25.992,0.8449,0.84505,1.00,1.00
2014.08.13 10:17:27.494,0.84495,0.84508,1.00,1.53
2014.08.13 10:17:27.595,0.8449,0.84505,1.00,1.00
2014.08.13 10:17:30.652,0.84495,0.84508,1.00,1.48
2014.08.13 10:17:32.285,0.84495,0.84508,1.00,1.53
2014.08.13 10:17:32.616,0.84495,0.84506,1.00,1.15
2014.08.13 10:17:32.666,0.84485,0.845,1.58,1.00
2014.08.13 10:17:33.178,0.84485,0.845,1.00,1.00
2014.08.13 10:17:33.555,0.8449,0.84504,1.00,1.18
2014.08.13 10:17:36.047,0.84485,0.845,1.00,1.00
2014.08.13 10:17:37.382,0.84489,0.84504,1.00,1.55
2014.08.13 10:17:37.685,0.8448,0.84495,3.08,1.00
2014.08.13 10:17:37.736,0.8448,0.84495,1.00,1.00
2014.08.13 10:17:38.354,0.8448,0.84497,1.18,1.38
2014.08.13 10:17:38.936,0.8448,0.84497,1.00,1.48
2014.08.13 10:17:39.481,0.84479,0.84497,2.33,1.48
2014.08.13 10:17:40.150,0.84485,0.84498,1.00,1.55
2014.08.13 10:17:40.904,0.84485,0.84498,1.00,1.00
2014.08.13 10:17:41.425,0.84484,0.84498,1.00,1.00
2014.08.13 10:17:45.612,0.84485,0.84498,1.00,1.00
2014.08.13 10:17:46.120,0.84485,0.84498,1.00,1.38
2014.08.13 10:17:47.112,0.84485,0.84498,1.00,1.13
2014.08.13 10:17:48.251,0.84484,0.84498,1.00,1.13
2014.08.13 10:17:50.783,0.84485,0.84498,1.00,1.28
2014.08.13 10:17:53.190,0.84485,0.84498,1.00,1.58
2014.08.13 10:18:03.041,0.84484,0.84498,1.00,1.58
2014.08.13 10:18:04.670,0.84484,0.84498,1.00,1.58
2014.08.13 10:18:04.720,0.8448,0.84495,1.00,1.00
2014.08.13 10:18:04.923,0.84485,0.84498,1.00,1.58
2014.08.13 10:18:06.177,0.84485,0.84498,1.00,1.58
2014.08.13 10:18:06.727,0.84484,0.84498,1.00,1.58
2014.08.13 10:18:07.075,0.84484,0.84498,1.00,3.83
2014.08.13 10:18:07.902,0.8448,0.84495,1.00,1.55
2014.08.13 10:18:08.424,0.84479,0.84496,1.00,1.53
2014.08.13 10:18:09.076,0.84479,0.84496,1.00,1.53
2014.08.13 10:18:10.190,0.8448,0.84495,1.00,1.55
2014.08.13 10:18:10.521,0.84485,0.84498,1.00,3.45
2014.08.13 10:18:11.585,0.84485,0.84496,1.00,1.53
2014.08.13 10:18:11.770,0.8448,0.84495,1.00,1.55
2014.08.13 10:18:13.379,0.8448,0.84495,1.00,2.03
2014.08.13 10:18:13.949,0.84485,0.84498,1.00,3.38
2014.08.13 10:18:14.200,0.8448,0.84498,1.20,2.63
2014.08.13 10:18:14.603,0.84485,0.84497,1.00,1.18
2014.08.13 10:18:15.421,0.84485,0.84499,1.00,1.20
2014.08.13 10:18:15.522,0.84485,0.845,1.00,1.48
2014.08.13 10:18:16.089,0.84485,0.84502,1.10,1.38
2014.08.13 10:18:16.603,0.84485,0.84502,1.10,1.38
2014.08.13 10:18:19.244,0.84481,0.845,3.83,1.38
2014.08.13 10:18:19.345,0.8448,0.845,1.65,1.38
2014.08.13 10:18:24.311,0.84484,0.84502,1.00,1.65
2014.08.13 10:18:24.927,0.84485,0.84502,1.00,1.65
2014.08.13 10:18:26.251,0.84481,0.845,1.65,1.38
2014.08.13 10:18:27.262,0.84481,0.845,1.65,1.38
2014.08.13 10:18:27.614,0.84484,0.84503,1.00,1.45
2014.08.13 10:18:28.061,0.84485,0.84505,1.10,2.03
2014.08.13 10:18:28.391,0.84485,0.84505,1.10,2.03
2014.08.13 10:18:30.674,0.84484,0.84504,1.08,1.45
2014.08.13 10:18:33.700,0.84484,0.84504,1.08,1.45
2014.08.13 10:18:35.403,0.84484,0.84504,1.08,1.45
2014.08.13 10:18:35.907,0.84485,0.84505,2.03,1.48
2014.08.13 10:18:36.422,0.84485,0.84505,2.78,1.95
2014.08.13 10:18:38.145,0.84485,0.84505,2.78,1.95
2014.08.13 10:18:38.452,0.8449,0.84505,1.00,1.20
2014.08.13 10:18:38.961,0.8449,0.84509,1.10,1.45
2014.08.13 10:18:42.419,0.84489,0.84507,1.10,1.55
2014.08.13 10:18:44.099,0.84489,0.84505,1.10,1.00
2014.08.13 10:18:44.620,0.8449,0.84504,1.00,1.00
2014.08.13 10:18:44.922,0.84495,0.84507,1.00,1.00
2014.08.13 10:18:46.607,0.8449,0.84507,1.15,1.00
2014.08.13 10:18:46.866,0.8449,0.84505,1.15,1.00
2014.08.13 10:18:46.967,0.8449,0.84505,1.00,1.38
2014.08.13 10:18:47.118,0.8449,0.84501,1.00,1.00
2014.08.13 10:18:49.220,0.8449,0.84501,1.00,1.38
2014.08.13 10:18:49.472,0.84485,0.845,1.10,1.38
2014.08.13 10:18:50.060,0.84485,0.845,1.10,1.38
2014.08.13 10:18:50.667,0.84485,0.845,1.10,1.38
2014.08.13 10:18:51.581,0.8449,0.84501,1.00,1.38
2014.08.13 10:18:57.824,0.8449,0.84501,1.00,2.33
2014.08.13 10:18:58.411,0.8449,0.84503,1.00,2.63
2014.08.13 10:18:59.071,0.8449,0.84503,1.00,2.25
2014.08.13 10:18:59.175,0.8449,0.84503,1.00,2.63
2014.08.13 10:18:59.732,0.8449,0.84503,1.00,2.63
2014.08.13 10:19:03.440,0.8449,0.84503,1.00,2.63
2014.08.13 10:19:03.540,0.84484,0.84501,1.10,1.13
2014.08.13 10:19:03.591,0.84484,0.84501,1.10,1.38
2014.08.13 10:19:03.951,0.8449,0.84503,1.00,1.53
2014.08.13 10:19:04.461,0.8449,0.84503,1.00,1.53
2014.08.13 10:19:04.766,0.84485,0.845,1.00,1.38
2014.08.13 10:19:05.995,0.84484,0.84501,1.00,1.48
2014.08.13 10:19:10.643,0.84484,0.84499,1.00,1.95
2014.08.13 10:19:11.821,0.84484,0.84497,1.00,1.55
2014.08.13 10:19:13.037,0.84485,0.84497,1.00,2.78
2014.08.13 10:19:15.254,0.84485,0.84497,1.00,2.78
2014.08.13 10:19:15.355,0.84479,0.84496,1.00,1.53
2014.08.13 10:19:15.506,0.84479,0.84496,1.00,3.90
2014.08.13 10:19:16.009,0.84479,0.84494,1.00,1.45
2014.08.13 10:19:19.426,0.84479,0.84493,1.00,1.53
2014.08.13 10:19:19.778,0.84479,0.84491,1.00,2.70
2014.08.13 10:19:19.828,0.8447,0.84486,1.00,1.00
2014.08.13 10:19:19.879,0.84469,0.84486,1.10,1.38
2014.08.13 10:19:20.181,0.84474,0.84486,1.00,1.38
2014.08.13 10:19:20.231,0.84474,0.84486,1.00,1.00
2014.08.13 10:19:20.382,0.84469,0.84486,1.10,1.00
2014.08.13 10:19:20.483,0.84474,0.84487,1.00,1.08
2014.08.13 10:19:20.989,0.84474,0.84486,1.00,1.08
2014.08.13 10:19:21.493,0.84475,0.84486,1.00,1.08
2014.08.13 10:19:21.644,0.84475,0.84488,1.00,1.00
2014.08.13 10:19:22.178,0.84475,0.84489,1.00,1.20
2014.08.13 10:19:22.939,0.84475,0.84489,1.00,1.58
2014.08.13 10:19:25.580,0.8447,0.84485,1.00,1.00
2014.08.13 10:19:28.399,0.84475,0.84489,1.00,2.78
2014.08.13 10:19:28.645,0.84475,0.84489,1.00,1.58
2014.08.13 10:19:29.234,0.84475,0.84489,1.00,1.58
2014.08.13 10:19:34.164,0.8447,0.84485,1.00,1.00
2014.08.13 10:19:34.568,0.84475,0.84487,1.00,1.13
2014.08.13 10:19:35.129,0.84475,0.84488,1.00,1.13
2014.08.13 10:19:35.679,0.84475,0.84488,1.00,1.38
2014.08.13 10:19:36.180,0.84475,0.84488,1.00,1.28
2014.08.13 10:19:40.060,0.8447,0.84485,1.00,1.00
2014.08.13 10:19:42.149,0.84469,0.84486,1.00,1.48
2014.08.13 10:19:43.828,0.84469,0.84486,1.00,1.45
2014.08.13 10:19:44.080,0.8447,0.84481,1.00,1.00
2014.08.13 10:19:44.498,0.84465,0.8448,1.00,1.10
2014.08.13 10:19:50.996,0.8447,0.84481,1.00,1.55
2014.08.13 10:20:00.118,0.8447,0.84483,1.00,1.65
2014.08.13 10:20:01.643,0.8447,0.84483,1.00,1.53
2014.08.13 10:20:01.895,0.8447,0.84484,1.00,1.55
2014.08.13 10:20:01.996,0.8447,0.84485,1.00,1.95
2014.08.13 10:20:02.097,0.8447,0.84485,1.00,2.03
2014.08.13 10:20:03.982,0.8447,0.84486,1.00,1.13
2014.08.13 10:20:07.011,0.84474,0.84487,1.00,2.03
2014.08.13 10:20:08.262,0.8447,0.84485,1.00,1.13
2014.08.13 10:20:11.729,0.8447,0.84485,1.00,1.45
2014.08.13 10:20:12.154,0.8447,0.84485,1.00,1.55
2014.08.13 10:20:12.690,0.84469,0.84484,1.00,1.55
2014.08.13 10:20:13.206,0.8447,0.84484,1.00,1.55
2014.08.13 10:20:15.377,0.84465,0.84484,1.00,1.55
2014.08.13 10:20:16.476,0.8447,0.84484,1.00,1.55
2014.08.13 10:20:17.130,0.84465,0.84484,1.13,1.55
2014.08.13 10:20:17.569,0.8447,0.84484,1.00,1.55
2014.08.13 10:20:19.445,0.84465,0.84484,1.13,1.55
2014.08.13 10:20:28.347,0.84465,0.84483,1.00,1.15
2014.08.13 10:20:28.797,0.84465,0.84482,1.38,1.10
2014.08.13 10:20:29.360,0.84465,0.84484,1.13,1.28
2014.08.13 10:20:29.902,0.84469,0.84484,1.00,1.28
2014.08.13 10:20:30.417,0.84469,0.84484,1.00,1.10
2014.08.13 10:20:30.668,0.84474,0.84485,1.00,1.00
2014.08.13 10:20:30.719,0.84474,0.84489,1.00,1.18
2014.08.13 10:20:31.071,0.84475,0.8449,1.00,1.15
2014.08.13 10:20:32.310,0.8448,0.84492,1.00,1.15
2014.08.13 10:20:32.769,0.8448,0.84492,1.00,1.08
2014.08.13 10:20:33.041,0.8448,0.84493,1.00,1.20
2014.08.13 10:20:34.224,0.84475,0.84493,1.00,1.20
2014.08.13 10:20:34.518,0.8448,0.84493,1.00,1.20
2014.08.13 10:20:35.100,0.84479,0.84495,1.00,1.15
2014.08.13 10:20:35.432,0.84485,0.84497,1.00,5.63
2014.08.13 10:20:35.762,0.84485,0.84497,1.00,1.28
2014.08.13 10:20:37.369,0.8448,0.84495,1.00,1.00
2014.08.13 10:20:39.830,0.84485,0.84498,1.00,1.08
2014.08.13 10:20:43.710,0.84485,0.84498,1.00,1.28
2014.08.13 10:20:43.760,0.8448,0.84495,1.00,1.18
2014.08.13 10:20:44.642,0.84479,0.84496,1.00,1.65
2014.08.13 10:20:45.193,0.8448,0.84495,1.00,1.18
2014.08.13 10:20:46.091,0.84479,0.84496,1.00,1.65
2014.08.13 10:20:47.060,0.84479,0.84495,1.00,1.13
2014.08.13 10:20:47.397,0.84479,0.84494,1.00,4.88
2014.08.13 10:20:49.635,0.84479,0.84495,1.00,3.68
2014.08.13 10:20:50.359,0.8448,0.84495,1.00,4.80
2014.08.13 10:20:50.511,0.8448,0.84495,1.00,2.63
2014.08.13 10:20:50.869,0.8448,0.84495,1.00,2.18
2014.08.13 10:20:53.324,0.8448,0.84496,1.00,1.00
2014.08.13 10:20:53.476,0.8448,0.84499,1.00,1.53
2014.08.13 10:20:53.576,0.84485,0.84499,1.00,1.28
2014.08.13 10:20:54.090,0.8448,0.845,1.13,2.03
2014.08.13 10:20:54.343,0.84485,0.845,1.00,1.53
2014.08.13 10:20:57.413,0.8448,0.845,1.00,1.65
2014.08.13 10:21:03.247,0.84485,0.845,1.00,1.53
2014.08.13 10:21:06.561,0.8448,0.84498,1.13,1.28
2014.08.13 10:21:06.662,0.8448,0.84498,1.00,1.28
2014.08.13 10:21:07.165,0.8448,0.84495,1.00,1.18
2014.08.13 10:21:07.849,0.84485,0.84495,1.00,1.18
2014.08.13 10:21:08.417,0.84489,0.84498,1.00,3.08
2014.08.13 10:21:08.518,0.8449,0.84498,1.00,1.15
2014.08.13 10:21:11.248,0.84484,0.84498,1.00,1.15
2014.08.13 10:21:11.829,0.8449,0.84498,1.00,1.15
2014.08.13 10:21:13.009,0.84485,0.84498,1.00,1.15
2014.08.13 10:21:15.674,0.8449,0.84498,1.00,1.15
2014.08.13 10:21:16.077,0.8449,0.84499,1.00,1.18
2014.08.13 10:21:17.404,0.8449,0.845,1.00,1.00
2014.08.13 10:21:17.921,0.8449,0.84501,1.00,1.10
2014.08.13 10:21:18.911,0.8449,0.84502,1.00,1.00
2014.08.13 10:21:19.313,0.84489,0.84499,1.00,1.10
2014.08.13 10:21:19.616,0.84485,0.84499,1.00,1.20
2014.08.13 10:21:20.116,0.84485,0.84497,1.00,1.00
2014.08.13 10:21:20.166,0.8448,0.84497,1.38,1.00
2014.08.13 10:21:20.518,0.8448,0.845,1.13,2.03
2014.08.13 10:21:21.089,0.8448,0.845,1.38,2.03
2014.08.13 10:21:21.629,0.84484,0.845,1.00,1.15
2014.08.13 10:21:25.138,0.84489,0.84501,1.00,1.08
2014.08.13 10:21:25.189,0.84489,0.84501,1.00,1.00
2014.08.13 10:21:25.289,0.84489,0.84505,1.00,1.10
2014.08.13 10:21:25.390,0.8449,0.84505,1.00,1.18
2014.08.13 10:21:25.981,0.8449,0.84505,1.00,1.53
2014.08.13 10:21:26.032,0.84485,0.84504,1.00,1.28
2014.08.13 10:21:26.649,0.84485,0.845,1.00,2.03
2014.08.13 10:21:28.409,0.84484,0.845,1.00,1.28
2014.08.13 10:21:28.964,0.84485,0.845,1.00,2.03
2014.08.13 10:21:30.869,0.8448,0.84499,1.28,1.00
2014.08.13 10:21:31.020,0.8448,0.84499,1.38,1.28
2014.08.13 10:21:31.547,0.8448,0.84499,1.13,1.53
2014.08.13 10:21:38.237,0.84485,0.84498,1.00,2.03
2014.08.13 10:21:38.338,0.8448,0.84498,1.00,2.03
2014.08.13 10:21:38.489,0.8448,0.84496,1.00,2.78
2014.08.13 10:21:41.518,0.8448,0.84495,1.38,1.18
2014.08.13 10:21:41.820,0.84489,0.84498,1.00,1.10
2014.08.13 10:21:42.321,0.8449,0.84501,1.00,1.15
2014.08.13 10:21:43.148,0.8449,0.84501,1.00,1.18
2014.08.13 10:21:43.806,0.8449,0.84501,1.00,1.10
2014.08.13 10:21:49.414,0.8449,0.84501,1.00,1.18
2014.08.13 10:21:58.008,0.84485,0.84501,1.00,1.18
2014.08.13 10:22:00.178,0.84485,0.845,1.00,1.65
2014.08.13 10:22:00.329,0.8448,0.84495,1.00,1.10
2014.08.13 10:22:00.658,0.84484,0.84495,1.00,1.28
2014.08.13 10:22:09.228,0.84485,0.84495,1.00,1.18
2014.08.13 10:22:09.480,0.84485,0.84498,1.00,1.20
2014.08.13 10:22:12.110,0.84485,0.84498,1.00,1.48
2014.08.13 10:22:12.311,0.84485,0.84498,1.00,2.78
2014.08.13 10:22:12.957,0.8448,0.84495,1.00,1.10
2014.08.13 10:22:14.647,0.84485,0.84497,1.00,1.53
2014.08.13 10:22:15.708,0.8448,0.84495,1.00,1.10
2014.08.13 10:22:16.378,0.84485,0.84497,1.00,1.53
2014.08.13 10:22:16.847,0.8448,0.84495,1.00,1.10
2014.08.13 10:22:19.151,0.84475,0.84495,1.53,1.10
2014.08.13 10:22:19.352,0.8448,0.84496,1.00,2.40
2014.08.13 10:22:19.931,0.8448,0.84496,1.13,2.25
2014.08.13 10:22:22.309,0.8448,0.84496,1.00,1.28
2014.08.13 10:22:22.561,0.84474,0.84495,1.53,1.55
2014.08.13 10:22:23.128,0.8448,0.84494,1.00,1.95
2014.08.13 10:22:23.633,0.8448,0.84494,1.00,1.95
2014.08.13 10:22:25.319,0.8448,0.84494,1.00,1.95
2014.08.13 10:22:25.419,0.84475,0.84494,1.18,1.95
2014.08.13 10:22:25.571,0.84475,0.84492,1.00,1.58
2014.08.13 10:22:30.534,0.84475,0.84493,1.20,1.20
2014.08.13 10:22:30.844,0.84475,0.84495,1.20,2.78
2014.08.13 10:22:30.945,0.84475,0.84495,1.28,2.70
2014.08.13 10:22:31.082,0.84475,0.84495,1.28,2.70
2014.08.13 10:22:31.692,0.84475,0.84495,1.15,2.70
2014.08.13 10:22:32.219,0.8448,0.84495,1.00,1.95
2014.08.13 10:22:32.320,0.84475,0.84495,1.15,2.70
2014.08.13 10:22:32.371,0.84475,0.84495,1.28,2.70
2014.08.13 10:22:32.773,0.84475,0.84491,1.08,1.95
2014.08.13 10:22:33.387,0.84475,0.84491,1.00,2.78
2014.08.13 10:22:34.184,0.84474,0.84491,1.00,2.78
2014.08.13 10:22:34.385,0.84475,0.84492,1.00,2.78
2014.08.13 10:22:36.471,0.84475,0.84491,1.00,1.88
2014.08.13 10:22:38.559,0.84475,0.84492,1.00,2.03
2014.08.13 10:22:40.776,0.84475,0.84491,1.00,1.50
2014.08.13 10:22:48.158,0.84474,0.84491,1.13,1.50
2014.08.13 10:22:48.751,0.84475,0.84493,1.00,1.15
2014.08.13 10:22:51.221,0.84475,0.84491,1.00,1.00
2014.08.13 10:22:51.422,0.84475,0.8449,1.00,3.75
2014.08.13 10:22:51.923,0.84475,0.8449,1.00,1.15
2014.08.13 10:22:52.426,0.84475,0.84491,1.00,1.15
2014.08.13 10:22:53.174,0.84475,0.84491,1.13,1.00
2014.08.13 10:22:53.813,0.84474,0.84491,1.13,1.00
2014.08.13 10:22:54.377,0.84474,0.84491,1.38,1.00
2014.08.13 10:22:55.185,0.84475,0.84492,1.00,2.40
2014.08.13 10:22:58.027,0.84475,0.8449,1.00,1.00
2014.08.13 10:23:00.311,0.84475,0.8449,1.00,1.08
2014.08.13 10:23:08.326,0.8448,0.8449,1.00,1.15
2014.08.13 10:23:08.427,0.8448,0.84493,1.00,1.15
2014.08.13 10:23:08.528,0.8448,0.84493,1.00,1.18
2014.08.13 10:23:08.679,0.8448,0.84494,1.00,1.10
2014.08.13 10:23:10.277,0.84485,0.84497,1.00,1.15
2014.08.13 10:23:10.412,0.84485,0.84497,1.00,1.18
2014.08.13 10:23:12.019,0.84479,0.84498,1.13,1.15
2014.08.13 10:23:15.091,0.8448,0.84498,1.00,1.15
2014.08.13 10:23:18.956,0.84484,0.84498,1.00,1.15
2014.08.13 10:23:19.545,0.84485,0.84498,1.00,1.15
2014.08.13 10:23:21.756,0.84485,0.84498,1.00,1.08
2014.08.13 10:23:22.301,0.84485,0.84498,1.00,1.00
2014.08.13 10:23:26.735,0.84484,0.84498,1.00,1.00
2014.08.13 10:23:31.356,0.84485,0.84498,1.00,1.00
2014.08.13 10:23:40.045,0.84484,0.84498,1.00,1.00
2014.08.13 10:23:40.643,0.8448,0.84498,1.13,1.00
2014.08.13 10:23:40.693,0.8448,0.84498,1.53,1.00
2014.08.13 10:23:40.744,0.84485,0.845,1.00,1.10
2014.08.13 10:23:51.170,0.84485,0.845,1.00,3.38
2014.08.13 10:23:51.421,0.8448,0.845,1.13,4.20
2014.08.13 10:23:54.692,0.84475,0.84496,1.15,2.70
2014.08.13 10:23:54.793,0.84475,0.8449,1.58,1.00
2014.08.13 10:23:54.843,0.84475,0.8449,1.58,1.00
2014.08.13 10:23:55.045,0.84475,0.8449,1.00,1.50
2014.08.13 10:23:55.146,0.8447,0.84485,1.50,2.33
2014.08.13 10:23:55.687,0.84469,0.84486,1.00,1.65
2014.08.13 10:23:57.370,0.84475,0.84486,1.00,1.15
2014.08.13 10:23:57.681,0.84475,0.84483,1.00,1.65
2014.08.13 10:23:57.869,0.84469,0.84483,1.00,2.03
2014.08.13 10:24:00.715,0.84469,0.84485,1.00,1.28
2014.08.13 10:24:00.816,0.84469,0.84485,1.00,1.28
2014.08.13 10:24:01.321,0.8447,0.84485,1.00,1.65
2014.08.13 10:24:02.376,0.8447,0.84483,1.00,1.00
2014.08.13 10:24:05.893,0.8447,0.84483,1.00,1.08
2014.08.13 10:24:07.528,0.8447,0.84483,1.00,1.08
2014.08.13 10:24:07.808,0.8447,0.84483,1.00,1.68
2014.08.13 10:24:08.110,0.84465,0.84476,1.00,1.00
2014.08.13 10:24:08.571,0.84465,0.8448,1.00,1.10
2014.08.13 10:24:10.126,0.84465,0.8448,1.00,1.95
2014.08.13 10:24:10.227,0.84465,0.84478,1.00,1.65
2014.08.13 10:24:10.534,0.84464,0.84478,1.00,1.10
2014.08.13 10:24:11.321,0.84464,0.84478,1.00,1.18
2014.08.13 10:24:11.623,0.84464,0.84477,1.00,1.15
2014.08.13 10:24:11.724,0.84464,0.84477,1.00,1.10
2014.08.13 10:24:12.826,0.84465,0.84479,1.00,1.15
2014.08.13 10:24:13.078,0.84465,0.84479,1.00,1.10
2014.08.13 10:24:13.179,0.84465,0.84481,1.13,1.00
2014.08.13 10:24:13.736,0.84465,0.84482,1.10,1.00
2014.08.13 10:24:14.379,0.84465,0.84482,1.00,1.18
2014.08.13 10:24:14.882,0.84465,0.8448,1.00,1.00
2014.08.13 10:24:15.033,0.8447,0.84481,1.00,1.00
2014.08.13 10:24:16.128,0.84465,0.84481,1.20,1.00
2014.08.13 10:24:17.119,0.84465,0.8448,1.20,1.00
2014.08.13 10:24:17.728,0.84465,0.84481,1.10,1.00
2014.08.13 10:24:24.616,0.84465,0.8448,1.00,1.00
2014.08.13 10:24:24.829,0.8447,0.84478,1.00,1.00
2014.08.13 10:24:25.080,0.8447,0.84484,1.00,1.18
2014.08.13 10:24:25.382,0.84469,0.84486,1.45,1.00
2014.08.13 10:24:26.463,0.84469,0.84485,1.45,1.00
2014.08.13 10:24:26.995,0.8447,0.84485,1.10,1.50
2014.08.13 10:24:29.898,0.84475,0.84489,1.00,1.20
2014.08.13 10:24:30.524,0.84475,0.84487,1.00,1.50
2014.08.13 10:24:35.271,0.84475,0.84489,1.00,2.33
2014.08.13 10:24:36.811,0.84475,0.84487,1.00,2.25
2014.08.13 10:24:37.404,0.84474,0.84487,1.00,1.50
2014.08.13 10:24:37.923,0.84474,0.84486,1.00,1.50
2014.08.13 10:24:42.878,0.84475,0.84486,1.00,1.50
2014.08.13 10:24:43.439,0.84475,0.84487,1.00,1.50
2014.08.13 10:24:45.306,0.84475,0.84486,1.00,1.50
2014.08.13 10:24:45.507,0.84475,0.84489,1.00,1.58
2014.08.13 10:24:45.940,0.84475,0.84492,1.00,2.40
2014.08.13 10:24:51.217,0.84475,0.84492,1.38,2.40
2014.08.13 10:24:51.356,0.8448,0.84492,1.00,2.40
2014.08.13 10:24:51.459,0.84475,0.84492,1.13,2.40
2014.08.13 10:24:52.024,0.84475,0.84492,1.38,2.40
2014.08.13 10:24:54.533,0.84475,0.84492,1.13,2.40
2014.08.13 10:25:05.643,0.84474,0.84491,1.13,1.58
2014.08.13 10:25:05.898,0.84474,0.8449,1.00,1.45
2014.08.13 10:25:06.100,0.84469,0.84486,1.38,1.10
2014.08.13 10:25:09.116,0.84469,0.84486,1.13,1.10
2014.08.13 10:25:09.678,0.8447,0.84485,1.00,1.00
2014.08.13 10:25:15.787,0.84475,0.84488,1.00,1.55
2014.08.13 10:25:22.731,0.84475,0.84487,1.00,1.95
2014.08.13 10:25:22.832,0.8447,0.84484,1.00,1.88
2014.08.13 10:25:22.933,0.84465,0.8448,1.00,1.00
2014.08.13 10:25:23.358,0.8447,0.84481,1.00,1.58
2014.08.13 10:25:23.560,0.84465,0.8448,1.00,1.15
2014.08.13 10:25:23.787,0.8447,0.84481,1.00,2.78
2014.08.13 10:25:23.887,0.84465,0.8448,1.00,1.15
2014.08.13 10:25:24.779,0.84465,0.8448,1.00,1.00
2014.08.13 10:25:24.879,0.8447,0.84482,1.00,2.78
2014.08.13 10:25:25.207,0.8447,0.84482,1.00,2.78
2014.08.13 10:25:25.358,0.84464,0.84481,1.00,1.28
2014.08.13 10:25:25.509,0.84464,0.84481,1.00,3.45
2014.08.13 10:25:25.911,0.8446,0.84479,1.38,1.65
2014.08.13 10:25:25.962,0.8446,0.84479,1.13,2.03
2014.08.13 10:25:26.465,0.8446,0.84479,1.13,2.78
2014.08.13 10:25:28.936,0.8446,0.84474,1.00,1.50
2014.08.13 10:25:30.387,0.84465,0.8448,1.00,5.70
2014.08.13 10:25:30.538,0.84465,0.8448,1.00,3.53
2014.08.13 10:25:32.316,0.84465,0.8448,1.00,1.28
2014.08.13 10:25:32.865,0.84465,0.8448,1.00,1.28
2014.08.13 10:25:36.649,0.8447,0.84482,1.00,1.15
2014.08.13 10:25:36.750,0.8447,0.84482,1.00,1.00
2014.08.13 10:25:36.851,0.8447,0.84484,1.00,1.50
2014.08.13 10:25:38.106,0.84475,0.84484,1.00,1.50
2014.08.13 10:25:38.207,0.84475,0.84487,1.00,1.00
2014.08.13 10:25:38.492,0.84469,0.84488,1.50,1.65
2014.08.13 10:25:38.648,0.8447,0.84485,1.00,1.00
2014.08.13 10:25:40.166,0.84475,0.84489,1.00,3.45
2014.08.13 10:25:40.216,0.84475,0.84489,1.00,1.55
2014.08.13 10:25:40.606,0.8447,0.84485,1.13,1.00
2014.08.13 10:25:43.050,0.84475,0.8449,1.00,2.03
2014.08.13 10:25:52.500,0.84469,0.84487,1.10,1.58
2014.08.13 10:25:57.657,0.84469,0.84487,1.10,1.95
2014.08.13 10:25:58.449,0.84469,0.84487,1.20,1.95
2014.08.13 10:26:00.388,0.84469,0.84487,1.13,2.03
2014.08.13 10:26:01.028,0.84469,0.84487,1.13,2.03
2014.08.13 10:26:02.998,0.84469,0.84486,1.13,1.58
2014.08.13 10:26:04.606,0.84475,0.84486,1.00,1.58
2014.08.13 10:26:15.405,0.8447,0.84486,1.13,1.58
2014.08.13 10:26:18.545,0.8447,0.84485,1.00,1.50
2014.08.13 10:26:18.887,0.84465,0.84481,1.53,1.00
2014.08.13 10:26:19.553,0.84465,0.84482,1.53,1.00
2014.08.13 10:26:20.828,0.84465,0.84482,1.55,1.00
2014.08.13 10:26:25.673,0.84465,0.84482,1.58,1.00
2014.08.13 10:26:33.272,0.84465,0.84482,1.58,1.00
2014.08.13 10:26:42.660,0.8447,0.84482,1.00,1.00
2014.08.13 10:26:42.863,0.8447,0.84484,1.00,1.00
2014.08.13 10:26:43.133,0.84465,0.84484,2.78,1.00
2014.08.13 10:26:43.335,0.84464,0.84482,1.48,1.10
2014.08.13 10:26:45.384,0.84464,0.84482,1.48,1.10
2014.08.13 10:26:45.760,0.8447,0.84485,1.00,1.15
2014.08.13 10:26:47.162,0.84464,0.84485,1.53,1.18
2014.08.13 10:26:47.213,0.84464,0.84485,1.48,1.15
2014.08.13 10:26:49.256,0.84464,0.84481,1.48,1.00
2014.08.13 10:26:49.818,0.84464,0.8448,1.48,1.00
2014.08.13 10:26:51.755,0.84464,0.8448,1.20,1.00
2014.08.13 10:26:56.038,0.84464,0.8448,1.48,1.00
2014.08.13 10:26:56.139,0.84464,0.8448,1.20,1.00
2014.08.13 10:26:57.364,0.84464,0.8448,1.48,1.00
2014.08.13 10:26:57.825,0.84464,0.84482,1.48,1.10
2014.08.13 10:26:57.875,0.8447,0.84482,1.00,1.10
2014.08.13 10:26:58.388,0.8447,0.84484,1.00,1.08
2014.08.13 10:26:58.898,0.8447,0.84484,1.00,1.00
2014.08.13 10:27:04.465,0.84465,0.84481,1.88,1.00
2014.08.13 10:27:04.985,0.84465,0.8448,1.00,1.10
2014.08.13 10:27:05.295,0.84465,0.84479,1.00,1.18
2014.08.13 10:27:10.510,0.84465,0.84479,1.00,1.10
2014.08.13 10:27:11.044,0.84465,0.84478,1.00,1.00
2014.08.13 10:27:11.145,0.8446,0.84478,1.53,1.00
2014.08.13 10:27:11.361,0.8446,0.84475,1.55,1.00
2014.08.13 10:27:16.746,0.8446,0.84476,1.48,1.00
2014.08.13 10:27:17.096,0.8447,0.8448,1.00,1.10
2014.08.13 10:27:17.400,0.84469,0.84479,1.00,1.08
2014.08.13 10:27:17.551,0.84464,0.84479,1.00,1.18
2014.08.13 10:27:21.904,0.84464,0.84481,1.13,1.58
2014.08.13 10:27:22.121,0.84464,0.84481,1.13,1.65
2014.08.13 10:27:24.554,0.84465,0.8448,1.00,1.15
2014.08.13 10:27:27.243,0.84465,0.84478,1.00,1.08
2014.08.13 10:27:43.014,0.84465,0.84477,1.00,1.18
2014.08.13 10:27:43.538,0.84465,0.84476,1.00,1.18
2014.08.13 10:27:45.014,0.8446,0.84476,1.38,1.18
2014.08.13 10:27:45.933,0.8447,0.84477,1.00,1.15
2014.08.13 10:27:46.084,0.8447,0.84477,1.00,1.10
2014.08.13 10:27:46.583,0.84465,0.84478,1.00,1.18
2014.08.13 10:27:46.909,0.84469,0.84478,1.00,1.18
2014.08.13 10:27:47.113,0.84465,0.84478,1.00,1.18
2014.08.13 10:27:53.262,0.84464,0.84477,1.13,1.00
2014.08.13 10:27:53.861,0.84465,0.84477,1.00,1.00
2014.08.13 10:28:05.251,0.84465,0.84479,1.00,1.10
2014.08.13 10:28:05.403,0.84459,0.84479,1.53,1.10
2014.08.13 10:28:05.453,0.84459,0.84479,1.45,1.18
2014.08.13 10:28:05.755,0.84465,0.84474,1.00,1.18
2014.08.13 10:28:05.806,0.8446,0.84471,1.00,1.00
2014.08.13 10:28:07.272,0.84465,0.84474,1.00,1.10
2014.08.13 10:28:07.924,0.84465,0.84473,1.00,1.00
2014.08.13 10:28:08.112,0.8446,0.84473,1.00,1.00
2014.08.13 10:28:08.633,0.8446,0.84472,1.00,1.00
2014.08.13 10:28:09.127,0.84465,0.84473,1.00,1.00
2014.08.13 10:28:09.228,0.8446,0.84473,1.55,1.00
2014.08.13 10:28:09.362,0.8446,0.84477,1.55,1.00
2014.08.13 10:28:09.593,0.84465,0.84477,1.00,1.00
2014.08.13 10:28:10.641,0.84465,0.84476,1.00,1.00
2014.08.13 10:28:10.692,0.84459,0.84476,1.53,1.00
2014.08.13 10:28:12.222,0.84465,0.84476,1.00,1.10
2014.08.13 10:28:24.290,0.8446,0.84476,1.38,1.10
2014.08.13 10:28:25.433,0.84465,0.84476,1.00,1.45
2014.08.13 10:28:25.635,0.8446,0.84475,1.00,3.38
2014.08.13 10:28:31.183,0.8446,0.84473,1.00,1.10
2014.08.13 10:28:33.342,0.8446,0.84475,1.00,1.95
2014.08.13 10:28:34.635,0.84464,0.84476,1.00,1.18
2014.08.13 10:28:35.242,0.84464,0.84476,1.00,1.00
2014.08.13 10:28:42.841,0.84464,0.84476,1.00,1.20
2014.08.13 10:28:42.891,0.8446,0.84475,1.00,1.10
2014.08.13 10:28:44.653,0.84464,0.84476,1.00,1.00
2014.08.13 10:28:54.235,0.8446,0.84475,1.00,1.00
2014.08.13 10:28:55.570,0.84465,0.84476,1.00,1.20
2014.08.13 10:28:56.083,0.8446,0.84475,1.00,1.00
2014.08.13 10:28:56.730,0.8446,0.84474,1.00,1.00
2014.08.13 10:28:59.725,0.8446,0.84473,1.00,1.00
2014.08.13 10:29:01.801,0.8446,0.84472,1.00,1.00
2014.08.13 10:29:01.902,0.84455,0.8447,1.00,1.10
2014.08.13 10:29:08.967,0.84455,0.8447,1.28,1.00
2014.08.13 10:29:09.068,0.8446,0.84471,1.00,1.00
2014.08.13 10:29:09.169,0.8446,0.84473,1.00,2.25
2014.08.13 10:29:09.720,0.8446,0.84472,1.00,1.00
2014.08.13 10:29:10.231,0.8446,0.84471,1.00,1.00
2014.08.13 10:29:10.810,0.8446,0.84472,1.00,1.00
2014.08.13 10:29:11.700,0.8446,0.84473,1.00,2.40
2014.08.13 10:29:12.377,0.8446,0.84474,1.00,1.00
2014.08.13 10:29:21.072,0.8446,0.84475,1.00,1.95
2014.08.13 10:29:21.676,0.8446,0.84475,1.00,1.95
2014.08.13 10:29:21.851,0.84455,0.8447,1.53,1.00
2014.08.13 10:29:22.068,0.8446,0.84475,1.00,1.48
2014.08.13 10:29:22.589,0.84465,0.84477,1.00,1.65
2014.08.13 10:29:22.639,0.84465,0.84477,1.00,1.50
2014.08.13 10:29:23.159,0.84465,0.8448,1.00,2.03
2014.08.13 10:29:24.480,0.84465,0.8448,1.13,1.00
2014.08.13 10:29:24.991,0.84465,0.8448,1.48,1.00
2014.08.13 10:29:26.995,0.84465,0.8448,1.48,1.00
2014.08.13 10:29:28.477,0.84465,0.8448,1.48,1.00
2014.08.13 10:29:29.652,0.84465,0.8448,1.10,1.00
2014.08.13 10:29:33.624,0.84464,0.84481,1.13,1.65
2014.08.13 10:29:37.513,0.84464,0.84481,1.00,4.20
2014.08.13 10:29:43.482,0.84459,0.84476,1.95,1.00
2014.08.13 10:29:44.048,0.84459,0.84476,1.48,1.00
2014.08.13 10:29:44.249,0.84458,0.84475,1.38,1.08
2014.08.13 10:29:48.482,0.84454,0.84475,1.55,1.15
2014.08.13 10:29:49.001,0.84454,0.84475,1.65,1.15
2014.08.13 10:29:52.873,0.84457,0.84475,1.88,1.15
2014.08.13 10:29:52.974,0.84456,0.84476,1.58,1.08
2014.08.13 10:29:53.024,0.84456,0.84476,3.83,1.00
2014.08.13 10:29:53.175,0.84465,0.84477,1.00,1.08
2014.08.13 10:29:53.385,0.8446,0.84477,1.13,1.10
2014.08.13 10:29:53.900,0.8446,0.84476,1.13,1.10
2014.08.13 10:29:54.815,0.84455,0.84475,1.53,1.00
2014.08.13 10:29:57.449,0.8446,0.84475,1.00,1.00
2014.08.13 10:29:57.956,0.84455,0.84475,1.53,1.50
2014.08.13 10:29:59.792,0.84455,0.84475,1.53,1.50
2014.08.13 10:30:00.339,0.84455,0.84475,1.53,1.50
2014.08.13 10:30:01.109,0.84455,0.84475,1.53,1.50
2014.08.13 10:30:06.514,0.84455,0.84475,1.55,1.65
2014.08.13 10:30:11.051,0.8446,0.84475,1.00,1.15
2014.08.13 10:30:11.382,0.84455,0.84475,1.55,1.65
2014.08.13 10:30:13.091,0.84455,0.84475,1.55,1.65
2014.08.13 10:30:17.715,0.84456,0.84475,1.65,1.00
2014.08.13 10:30:18.141,0.84459,0.84478,1.48,2.40
2014.08.13 10:30:20.910,0.84459,0.84478,1.48,2.40
2014.08.13 10:30:21.712,0.84459,0.84478,1.45,2.33
2014.08.13 10:30:21.863,0.84465,0.84478,1.00,1.10
2014.08.13 10:30:22.391,0.84459,0.8448,1.58,1.18
2014.08.13 10:30:22.491,0.84459,0.84478,1.08,2.40
2014.08.13 10:30:22.592,0.84459,0.84477,1.00,1.58
2014.08.13 10:30:22.853,0.84455,0.84474,1.00,1.18
2014.08.13 10:30:22.954,0.84455,0.84475,1.15,1.50
2014.08.13 10:30:23.042,0.8446,0.84475,1.00,1.50
2014.08.13 10:30:23.373,0.8446,0.84473,1.00,1.00
2014.08.13 10:30:24.032,0.84455,0.8447,1.15,1.00
2014.08.13 10:30:24.252,0.8446,0.84473,1.00,1.00
2014.08.13 10:30:28.806,0.84455,0.8447,1.53,1.00
2014.08.13 10:30:29.216,0.8446,0.84473,1.00,1.00
2014.08.13 10:30:30.799,0.8446,0.84474,1.00,1.00
2014.08.13 10:30:38.709,0.8446,0.84475,1.00,1.00
2014.08.13 10:30:39.328,0.8446,0.84475,1.38,1.00
2014.08.13 10:30:39.631,0.84465,0.84479,1.13,1.00
2014.08.13 10:30:43.200,0.8446,0.84475,1.48,1.00
2014.08.13 10:30:43.726,0.8446,0.84475,1.13,1.00
2014.08.13 10:30:45.920,0.8446,0.84475,1.38,1.00
2014.08.13 10:30:46.912,0.84464,0.84478,1.00,1.15
2014.08.13 10:30:47.042,0.8446,0.84475,1.38,1.00
2014.08.13 10:30:48.062,0.84465,0.84478,1.00,1.10
2014.08.13 10:30:48.566,0.84464,0.84477,1.00,1.00
2014.08.13 10:30:49.406,0.84464,0.84478,1.00,1.10
2014.08.13 10:30:53.306,0.84459,0.84476,1.55,1.00
2014.08.13 10:30:53.819,0.8446,0.84475,1.20,1.00
2014.08.13 10:30:53.870,0.84465,0.8448,1.00,3.53
2014.08.13 10:30:54.280,0.8446,0.84475,1.20,1.00
2014.08.13 10:30:54.661,0.84455,0.84475,1.53,1.50
2014.08.13 10:30:55.193,0.84455,0.84475,1.55,1.65
2014.08.13 10:30:56.285,0.84455,0.84475,1.48,1.65
2014.08.13 10:31:04.232,0.84455,0.84475,1.38,1.65
2014.08.13 10:31:04.798,0.84455,0.84475,1.38,2.03
2014.08.13 10:31:11.249,0.84454,0.84475,1.48,1.15
2014.08.13 10:31:13.723,0.84454,0.84475,1.85,1.15
2014.08.13 10:31:14.227,0.8446,0.84477,1.38,2.33
2014.08.13 10:31:14.730,0.8446,0.84477,1.13,2.33
2014.08.13 10:31:15.267,0.84455,0.84475,1.83,1.08
2014.08.13 10:31:15.745,0.84455,0.84475,1.90,1.00
2014.08.13 10:31:17.665,0.84455,0.84475,1.53,1.00
2014.08.13 10:31:18.180,0.8446,0.84475,1.00,1.00
2014.08.13 10:31:18.381,0.84455,0.8447,1.53,1.00
2014.08.13 10:31:18.893,0.84454,0.84471,1.53,1.00
2014.08.13 10:31:19.239,0.84455,0.84471,3.08,1.00
2014.08.13 10:31:19.289,0.8446,0.84475,1.20,1.00
2014.08.13 10:31:20.456,0.8446,0.84475,1.48,1.00
2014.08.13 10:31:20.973,0.8446,0.84475,1.10,1.00
2014.08.13 10:31:25.027,0.84462,0.84475,1.88,1.00
2014.08.13 10:31:25.336,0.84465,0.8448,1.00,1.13
2014.08.13 10:31:26.412,0.84465,0.8448,1.00,1.38
2014.08.13 10:31:26.614,0.84465,0.84479,1.00,1.45
2014.08.13 10:31:26.665,0.8446,0.84475,1.00,1.00
2014.08.13 10:31:30.690,0.8446,0.84475,1.00,1.38
2014.08.13 10:31:31.223,0.8446,0.84475,1.00,1.55
2014.08.13 10:31:32.090,0.8446,0.84475,1.00,1.55
2014.08.13 10:31:32.655,0.8446,0.84475,1.00,1.55
2014.08.13 10:31:33.371,0.8446,0.84475,1.00,1.55
2014.08.13 10:31:33.933,0.8446,0.84475,1.00,1.55
2014.08.13 10:31:36.457,0.8446,0.84475,1.00,1.00
2014.08.13 10:31:37.414,0.84465,0.84477,1.00,1.20
2014.08.13 10:31:37.927,0.84465,0.84477,1.00,1.48
2014.08.13 10:31:38.437,0.84465,0.84477,1.00,1.20
2014.08.13 10:31:44.986,0.84465,0.84479,1.00,1.00
2014.08.13 10:31:45.541,0.84465,0.8448,1.00,1.95
2014.08.13 10:31:45.692,0.84456,0.84475,3.08,1.00
2014.08.13 10:31:46.204,0.84459,0.84476,1.18,1.00
2014.08.13 10:31:46.932,0.84459,0.84476,1.10,1.00
2014.08.13 10:31:47.669,0.8446,0.84475,1.00,1.00
2014.08.13 10:31:49.242,0.8446,0.84475,1.20,1.00
2014.08.13 10:31:49.807,0.8446,0.84475,1.28,1.00
2014.08.13 10:31:54.249,0.8446,0.84475,1.28,1.00
2014.08.13 10:31:55.592,0.84464,0.8448,1.00,1.38
2014.08.13 10:31:55.693,0.84464,0.8448,1.00,1.13
2014.08.13 10:31:58.279,0.84464,0.84481,1.18,1.88
2014.08.13 10:31:59.970,0.84464,0.84481,1.18,1.88
2014.08.13 10:32:00.285,0.84461,0.84476,2.33,1.00
2014.08.13 10:32:00.386,0.84459,0.84476,1.53,1.00
2014.08.13 10:32:01.040,0.84459,0.84476,1.55,1.00
2014.08.13 10:32:01.553,0.8446,0.84475,1.10,1.00
2014.08.13 10:32:04.504,0.8446,0.84475,1.10,1.88
2014.08.13 10:32:04.977,0.8446,0.84472,1.00,1.00
2014.08.13 10:32:10.509,0.84455,0.8447,1.28,1.00
2014.08.13 10:32:11.609,0.84459,0.84472,1.00,1.00
2014.08.13 10:32:12.952,0.84455,0.8447,1.15,1.00
2014.08.13 10:32:15.130,0.84455,0.8447,1.53,1.00
2014.08.13 10:32:15.231,0.8446,0.84475,1.10,1.13
2014.08.13 10:32:15.331,0.84461,0.84475,1.18,1.00
2014.08.13 10:32:15.382,0.84464,0.84481,1.13,1.18
2014.08.13 10:32:15.684,0.84461,0.84476,1.53,1.00
2014.08.13 10:32:15.835,0.84465,0.8448,1.00,1.00
2014.08.13 10:32:19.527,0.8446,0.84475,4.20,1.00
2014.08.13 10:32:21.857,0.8446,0.84476,3.45,1.00
2014.08.13 10:32:22.636,0.8446,0.84476,3.83,1.00
2014.08.13 10:32:23.806,0.8446,0.84476,3.45,1.00
2014.08.13 10:32:26.679,0.84465,0.8448,1.00,1.00
2014.08.13 10:32:31.042,0.8446,0.84475,4.20,1.00
2014.08.13 10:32:31.713,0.8446,0.84475,4.58,1.00
2014.08.13 10:32:31.928,0.84465,0.8448,1.13,1.10
2014.08.13 10:32:43.349,0.8446,0.84475,2.40,1.00
2014.08.13 10:32:43.919,0.8446,0.84475,2.03,1.00
2014.08.13 10:32:45.492,0.8446,0.84475,2.40,1.00
2014.08.13 10:32:45.543,0.84465,0.8448,1.13,1.10
2014.08.13 10:32:46.123,0.8446,0.84475,2.03,1.00
2014.08.13 10:32:46.224,0.84465,0.8448,1.00,1.10
2014.08.13 10:32:46.324,0.8446,0.84475,1.38,1.00
2014.08.13 10:32:46.831,0.8446,0.84475,1.38,1.00
2014.08.13 10:32:47.340,0.8446,0.84475,1.55,1.00
2014.08.13 10:32:47.823,0.8446,0.84475,1.55,1.00
2014.08.13 10:32:48.333,0.8446,0.84475,1.55,1.00
2014.08.13 10:32:48.861,0.8446,0.84475,1.55,1.00
2014.08.13 10:32:50.108,0.8446,0.84475,1.55,1.00
2014.08.13 10:32:50.617,0.8446,0.84475,1.00,1.00
2014.08.13 10:32:52.724,0.84459,0.84476,1.48,1.00
2014.08.13 10:32:52.774,0.84459,0.84476,1.45,1.00
2014.08.13 10:32:53.283,0.8446,0.84475,1.58,1.00
2014.08.13 10:32:58.527,0.84465,0.8448,1.00,1.28
2014.08.13 10:33:00.116,0.84465,0.8448,1.00,1.58
2014.08.13 10:33:00.427,0.84459,0.84476,1.53,1.00
2014.08.13 10:33:00.949,0.8446,0.84475,1.13,1.00
2014.08.13 10:33:01.408,0.84465,0.8448,1.00,1.15
2014.08.13 10:33:01.659,0.84465,0.8448,1.00,1.00
2014.08.13 10:33:12.635,0.84465,0.8448,1.00,1.20
2014.08.13 10:33:12.836,0.8446,0.84475,1.53,1.00
2014.08.13 10:33:13.348,0.8446,0.84475,1.13,1.00
2014.08.13 10:33:17.218,0.84459,0.84476,1.38,1.10
2014.08.13 10:33:17.756,0.84459,0.84476,1.13,1.10
2014.08.13 10:33:18.000,0.8446,0.84475,1.38,1.00
2014.08.13 10:33:18.101,0.84459,0.84481,2.33,1.65
2014.08.13 10:33:18.202,0.84463,0.84481,1.48,1.10
2014.08.13 10:33:20.297,0.84464,0.84484,1.58,1.28
2014.08.13 10:33:20.447,0.8447,0.84484,1.00,1.28
2014.08.13 10:33:20.899,0.8447,0.84486,1.00,2.70
2014.08.13 10:33:21.107,0.84474,0.84486,1.00,1.95
2014.08.13 10:33:21.208,0.84469,0.84486,1.20,1.13
2014.08.13 10:33:21.732,0.8447,0.84485,1.00,1.00
2014.08.13 10:33:22.529,0.84469,0.84486,1.28,1.00
2014.08.13 10:33:22.630,0.8447,0.84485,1.00,1.65
2014.08.13 10:33:23.168,0.8447,0.84485,1.00,1.00
2014.08.13 10:33:32.291,0.84465,0.8448,2.03,1.00
2014.08.13 10:33:32.442,0.8447,0.84485,1.00,1.13
2014.08.13 10:33:33.182,0.84465,0.84481,1.53,1.00
2014.08.13 10:33:33.694,0.84465,0.8448,1.48,1.00
2014.08.13 10:33:35.287,0.84465,0.8448,1.20,1.00
2014.08.13 10:33:41.462,0.84465,0.8448,1.48,1.00
2014.08.13 10:33:43.851,0.84462,0.8448,1.53,1.00
2014.08.13 10:33:44.003,0.84462,0.8448,1.53,1.00
2014.08.13 10:33:44.548,0.8446,0.8448,2.03,1.08
2014.08.13 10:33:47.450,0.84461,0.8448,1.45,1.10
2014.08.13 10:33:47.724,0.84461,0.8448,1.53,1.00
2014.08.13 10:33:48.827,0.84461,0.8448,1.53,1.00
2014.08.13 10:33:49.904,0.84464,0.84481,1.88,1.58
2014.08.13 10:33:50.421,0.84465,0.84481,1.00,1.10
2014.08.13 10:33:52.857,0.84464,0.8448,1.88,1.00
2014.08.13 10:33:56.189,0.84464,0.84482,2.63,1.28
2014.08.13 10:33:56.733,0.84464,0.84484,2.70,1.53
2014.08.13 10:33:57.315,0.84464,0.84484,2.70,1.45
2014.08.13 10:33:57.780,0.84464,0.84484,2.70,1.38
2014.08.13 10:33:58.181,0.8447,0.84485,1.00,1.48
2014.08.13 10:33:58.714,0.8447,0.84485,1.00,1.00
2014.08.13 10:34:00.563,0.8447,0.84485,1.20,1.00
2014.08.13 10:34:00.865,0.8447,0.84485,3.45,1.00
2014.08.13 10:34:00.916,0.84474,0.8449,1.58,1.00
2014.08.13 10:34:01.067,0.84474,0.8449,1.65,1.00
2014.08.13 10:34:02.019,0.84474,0.8449,1.95,1.00
2014.08.13 10:34:02.221,0.84475,0.8449,2.78,1.00
2014.08.13 10:34:02.693,0.84475,0.8449,1.20,1.00
2014.08.13 10:34:03.868,0.84472,0.84486,1.58,1.00
2014.08.13 10:34:04.485,0.84469,0.84486,2.40,1.00
2014.08.13 10:34:05.107,0.8447,0.84485,1.10,1.00
2014.08.13 10:34:05.157,0.84472,0.84485,1.50,1.00
2014.08.13 10:34:05.359,0.84475,0.8449,1.00,1.00
2014.08.13 10:34:07.818,0.84474,0.84485,2.03,1.00
2014.08.13 10:34:08.120,0.84473,0.84485,1.95,1.00
2014.08.13 10:34:08.817,0.84472,0.84485,2.03,1.00
2014.08.13 10:34:09.169,0.8447,0.84485,1.55,1.00
2014.08.13 10:34:09.676,0.84469,0.84486,1.55,1.00
2014.08.13 10:34:10.189,0.8447,0.84485,1.48,1.00
2014.08.13 10:34:15.268,0.8447,0.84485,1.28,1.00
2014.08.13 10:34:16.176,0.84467,0.8448,2.03,1.00
2014.08.13 10:34:17.356,0.84465,0.8448,1.55,1.00
2014.08.13 10:34:19.295,0.84465,0.8448,1.55,1.00
2014.08.13 10:34:22.117,0.8447,0.84485,1.00,1.18
2014.08.13 10:34:22.917,0.84465,0.8448,1.55,1.00
2014.08.13 10:34:23.329,0.8447,0.84485,1.00,1.18
2014.08.13 10:34:23.656,0.84464,0.84481,3.53,1.00
2014.08.13 10:34:24.288,0.84464,0.84481,3.15,1.00
2014.08.13 10:34:24.339,0.84465,0.84486,1.55,1.15
2014.08.13 10:34:24.590,0.84469,0.84486,1.88,1.00
2014.08.13 10:34:25.126,0.84471,0.84485,1.50,1.00
2014.08.13 10:34:25.644,0.84472,0.84485,1.50,1.00
2014.08.13 10:34:26.214,0.84469,0.84485,1.88,1.00
2014.08.13 10:34:27.285,0.8447,0.84485,1.00,1.00
2014.08.13 10:34:27.798,0.84471,0.84485,1.95,1.00
2014.08.13 10:34:36.767,0.84475,0.8449,1.00,1.55
2014.08.13 10:34:42.556,0.84471,0.84485,1.95,1.00
2014.08.13 10:34:43.059,0.84471,0.84485,1.95,1.00
2014.08.13 10:34:49.815,0.84474,0.84491,1.00,2.03
2014.08.13 10:34:51.107,0.84474,0.84491,1.00,1.53
2014.08.13 10:34:51.158,0.84469,0.84485,2.03,1.00
2014.08.13 10:34:51.359,0.84469,0.84485,1.95,1.00
2014.08.13 10:34:52.633,0.84469,0.84485,1.95,1.00
2014.08.13 10:34:53.209,0.8447,0.84485,2.03,1.00
2014.08.13 10:34:53.586,0.8447,0.8448,1.95,1.00
2014.08.13 10:34:53.737,0.84467,0.8448,1.53,1.00
2014.08.13 10:34:53.888,0.8447,0.84485,1.88,1.00
2014.08.13 10:34:54.438,0.8447,0.84485,1.88,1.00
2014.08.13 10:34:54.844,0.8447,0.84485,1.88,1.00
2014.08.13 10:34:54.895,0.84471,0.84491,1.95,3.45
2014.08.13 10:34:54.996,0.84475,0.84491,1.50,1.08
2014.08.13 10:34:55.499,0.84475,0.84491,1.95,1.00
2014.08.13 10:34:55.650,0.84479,0.8449,1.50,1.00
2014.08.13 10:35:00.266,0.8448,0.8449,1.50,1.00
2014.08.13 10:35:01.705,0.84481,0.84495,1.50,1.00
2014.08.13 10:35:04.238,0.84483,0.84495,1.50,1.00
2014.08.13 10:35:04.798,0.84481,0.84495,1.50,1.00
2014.08.13 10:35:04.899,0.84478,0.84495,2.78,1.00
2014.08.13 10:35:05.419,0.84478,0.84495,1.95,1.00
2014.08.13 10:35:06.800,0.84478,0.84496,1.95,1.20
2014.08.13 10:35:07.806,0.84478,0.84496,1.95,1.10
2014.08.13 10:35:10.179,0.84479,0.84496,1.88,1.10
2014.08.13 10:35:11.210,0.84479,0.84496,1.88,1.18
2014.08.13 10:35:11.773,0.84479,0.84496,1.88,1.18
2014.08.13 10:35:12.363,0.84479,0.84496,1.88,1.18
2014.08.13 10:35:12.486,0.84479,0.84496,1.88,1.10
2014.08.13 10:35:14.147,0.84479,0.84496,1.50,1.13
2014.08.13 10:35:16.444,0.84478,0.84496,1.88,1.13
2014.08.13 10:35:17.672,0.84478,0.84495,1.50,1.00
2014.08.13 10:35:18.235,0.84478,0.84496,1.50,1.00
2014.08.13 10:35:18.665,0.84478,0.84496,1.50,1.08
2014.08.13 10:35:23.148,0.84479,0.84496,1.50,1.15
2014.08.13 10:35:23.697,0.8448,0.84495,1.00,1.18
2014.08.13 10:35:25.943,0.84477,0.8449,1.50,1.00
2014.08.13 10:35:31.426,0.8448,0.84495,1.00,1.28
2014.08.13 10:35:31.937,0.8448,0.84495,1.13,1.00
2014.08.13 10:35:32.771,0.8448,0.84495,1.38,1.00
2014.08.13 10:35:33.289,0.8448,0.84495,1.00,1.00
2014.08.13 10:35:33.401,0.84476,0.8449,2.03,1.00
2014.08.13 10:35:35.448,0.84475,0.8449,1.28,1.00
2014.08.13 10:35:36.016,0.84475,0.8449,1.55,1.00
2014.08.13 10:35:36.348,0.8448,0.84495,1.00,1.28
2014.08.13 10:35:36.659,0.84475,0.8449,1.55,1.00
2014.08.13 10:35:37.198,0.84475,0.8449,1.55,1.00
2014.08.13 10:35:37.908,0.8448,0.84495,1.00,1.28
2014.08.13 10:35:39.758,0.84474,0.84491,3.53,1.00
2014.08.13 10:35:40.213,0.8448,0.84495,1.00,1.28
2014.08.13 10:35:42.947,0.84475,0.8449,1.55,1.00
2014.08.13 10:35:43.855,0.8448,0.84495,1.00,1.28
2014.08.13 10:35:44.378,0.84474,0.84491,3.53,1.00
2014.08.13 10:35:45.288,0.84475,0.8449,1.55,1.00
2014.08.13 10:35:45.820,0.84474,0.84491,3.53,1.00
2014.08.13 10:35:47.420,0.84474,0.84491,3.53,1.00
2014.08.13 10:35:48.207,0.84474,0.84491,3.53,1.00
2014.08.13 10:35:51.006,0.84474,0.84491,2.78,1.50
2014.08.13 10:35:55.314,0.84474,0.84491,2.78,1.00
2014.08.13 10:35:56.183,0.84474,0.84491,2.78,1.00
2014.08.13 10:35:59.337,0.8448,0.84492,1.00,1.00
2014.08.13 10:36:01.867,0.84475,0.8449,1.48,1.00
2014.08.13 10:36:02.119,0.84469,0.84486,3.45,1.00
2014.08.13 10:36:02.322,0.84466,0.84484,2.03,1.00
2014.08.13 10:36:02.423,0.84475,0.84484,1.00,1.00
2014.08.13 10:36:02.574,0.84475,0.84488,1.00,1.28
2014.08.13 10:36:02.909,0.8447,0.84485,1.13,1.00
2014.08.13 10:36:03.211,0.84474,0.84488,1.00,1.10
2014.08.13 10:36:03.513,0.84474,0.84489,1.53,1.00
2014.08.13 10:36:04.067,0.84475,0.8449,1.55,1.50
2014.08.13 10:36:04.741,0.84475,0.8449,1.55,1.50
2014.08.13 10:36:07.914,0.84475,0.8449,1.55,1.50
2014.08.13 10:36:08.424,0.84475,0.8449,1.55,1.50
2014.08.13 10:36:10.882,0.84475,0.8449,1.55,1.50
2014.08.13 10:36:13.867,0.8448,0.8449,1.00,1.00
2014.08.13 10:36:14.647,0.84475,0.8449,1.38,1.50
2014.08.13 10:36:16.490,0.84475,0.8449,1.13,1.50
2014.08.13 10:36:16.646,0.84475,0.8449,1.38,1.50
2014.08.13 10:36:17.379,0.8448,0.8449,1.00,1.00
2014.08.13 10:36:21.348,0.84475,0.8449,1.38,1.50
2014.08.13 10:36:21.557,0.84479,0.8449,1.00,1.00
2014.08.13 10:36:25.087,0.84474,0.8449,1.48,1.00
2014.08.13 10:36:29.578,0.84474,0.8449,1.53,1.00
2014.08.13 10:36:30.965,0.84474,0.8449,1.53,1.00
2014.08.13 10:36:31.066,0.8448,0.8449,1.00,1.00
2014.08.13 10:36:34.231,0.8448,0.84492,1.00,1.00
2014.08.13 10:36:37.185,0.8448,0.8449,1.00,1.00
2014.08.13 10:36:37.397,0.84475,0.8449,2.78,1.00
2014.08.13 10:36:37.448,0.84475,0.84492,2.78,1.00
2014.08.13 10:36:37.599,0.84477,0.84492,2.03,1.00
2014.08.13 10:36:37.649,0.8448,0.84494,1.00,1.00
2014.08.13 10:36:39.597,0.84477,0.84494,2.03,1.00
2014.08.13 10:36:40.017,0.8448,0.84494,1.48,1.00
2014.08.13 10:36:40.118,0.8448,0.84494,1.20,1.00
2014.08.13 10:36:41.412,0.8448,0.84494,1.48,1.00
2014.08.13 10:36:42.576,0.8448,0.84495,1.48,1.00
2014.08.13 10:36:42.956,0.8448,0.84497,1.53,1.00
2014.08.13 10:36:44.908,0.8448,0.84498,1.53,1.00
2014.08.13 10:36:46.216,0.84478,0.84495,4.20,1.00
2014.08.13 10:36:49.309,0.84478,0.84495,4.58,1.00
2014.08.13 10:36:49.957,0.8448,0.84495,2.78,1.00
2014.08.13 10:36:50.652,0.84485,0.84498,1.00,1.00
2014.08.13 10:36:51.396,0.8448,0.84497,2.78,1.00
2014.08.13 10:36:51.649,0.84485,0.84497,1.00,1.00
2014.08.13 10:36:51.750,0.84485,0.84499,1.13,1.00
2014.08.13 10:36:52.658,0.84484,0.84499,1.13,1.00
2014.08.13 10:36:53.191,0.8448,0.84498,1.53,1.00
2014.08.13 10:36:53.404,0.84485,0.84499,1.00,1.00
2014.08.13 10:36:57.342,0.84485,0.845,1.00,1.58
2014.08.13 10:36:59.235,0.8448,0.84495,1.65,1.00
2014.08.13 10:36:59.286,0.8448,0.84495,1.53,1.00
2014.08.13 10:36:59.537,0.84482,0.84499,1.58,1.00
2014.08.13 10:36:59.638,0.8448,0.845,3.15,1.58
2014.08.13 10:37:00.158,0.84481,0.845,2.03,1.50
2014.08.13 10:37:00.700,0.84479,0.84499,2.78,1.00
2014.08.13 10:37:01.091,0.84479,0.84497,2.78,1.00
2014.08.13 10:37:01.192,0.84479,0.84497,1.55,1.00
2014.08.13 10:37:01.343,0.84479,0.84497,1.00,1.53
2014.08.13 10:37:01.668,0.84475,0.8449,1.53,1.00
2014.08.13 10:37:02.188,0.84475,0.8449,1.53,1.00
2014.08.13 10:37:02.490,0.8448,0.84492,1.13,1.00
2014.08.13 10:37:02.838,0.8448,0.84494,1.13,1.00
2014.08.13 10:37:03.039,0.8448,0.84492,1.00,1.00
2014.08.13 10:37:03.199,0.84475,0.8449,1.48,1.00
2014.08.13 10:37:03.595,0.84475,0.8449,1.10,1.00
2014.08.13 10:37:04.124,0.84474,0.84491,1.55,1.50
2014.08.13 10:37:05.356,0.84475,0.8449,1.20,1.00
2014.08.13 10:37:06.159,0.84472,0.84489,2.03,1.00
2014.08.13 10:37:06.210,0.84469,0.84489,3.08,1.48
2014.08.13 10:37:06.260,0.84468,0.84485,1.15,1.00
2014.08.13 10:37:06.361,0.84467,0.8448,1.65,1.00
2014.08.13 10:37:06.613,0.8447,0.84484,1.00,1.00
2014.08.13 10:37:06.915,0.8447,0.84488,1.00,1.15
2014.08.13 10:37:07.015,0.8447,0.84488,2.33,1.00
2014.08.13 10:37:08.900,0.8447,0.84488,2.70,1.00
2014.08.13 10:37:11.625,0.84475,0.84488,1.00,1.00
2014.08.13 10:37:12.410,0.84471,0.84488,1.95,1.00
2014.08.13 10:37:19.039,0.84471,0.84488,1.95,1.00
2014.08.13 10:37:20.315,0.84475,0.84488,1.00,1.00
2014.08.13 10:37:23.615,0.8447,0.84488,1.38,1.20
2014.08.13 10:37:24.158,0.8447,0.84488,1.38,1.20
2014.08.13 10:37:26.352,0.8447,0.84488,1.38,1.20
2014.08.13 10:37:26.414,0.8447,0.84488,1.38,1.20
2014.08.13 10:37:26.977,0.8447,0.84488,1.38,1.20
2014.08.13 10:37:28.925,0.84475,0.84488,1.00,1.20
2014.08.13 10:37:34.174,0.84474,0.84488,1.00,1.00
2014.08.13 10:37:35.385,0.84475,0.84488,1.00,1.00
2014.08.13 10:37:35.889,0.84474,0.84488,1.00,1.00
2014.08.13 10:37:36.549,0.84475,0.84488,1.00,1.00
2014.08.13 10:37:37.397,0.84475,0.84489,1.00,1.00
2014.08.13 10:37:42.413,0.84475,0.84488,1.00,1.00
2014.08.13 10:37:42.933,0.84475,0.84489,1.00,1.00
2014.08.13 10:37:43.305,0.8447,0.84489,1.53,1.10
2014.08.13 10:37:44.626,0.8447,0.84489,1.55,1.10
2014.08.13 10:37:45.134,0.8447,0.84489,1.55,1.10
2014.08.13 10:37:45.494,0.8447,0.84489,1.55,1.10
2014.08.13 10:37:48.775,0.8447,0.84489,1.55,1.10
2014.08.13 10:37:51.760,0.8447,0.8449,1.55,1.65
2014.08.13 10:37:52.513,0.8447,0.8449,1.55,1.65
2014.08.13 10:37:52.847,0.8447,0.8449,1.55,1.65
2014.08.13 10:37:54.033,0.8447,0.8449,1.55,1.65
2014.08.13 10:37:54.708,0.8447,0.8449,1.55,2.03
2014.08.13 10:37:55.471,0.8447,0.8449,1.58,2.03
2014.08.13 10:37:59.727,0.8447,0.8449,1.55,2.03
2014.08.13 10:38:03.583,0.8447,0.8449,1.55,1.65
2014.08.13 10:38:04.783,0.8447,0.8449,1.55,1.65
2014.08.13 10:38:05.284,0.8447,0.8449,1.55,1.65
2014.08.13 10:38:07.499,0.84469,0.8449,3.45,1.10
2014.08.13 10:38:07.804,0.84475,0.8449,1.00,1.50
2014.08.13 10:38:08.314,0.84474,0.8449,1.13,1.00
2014.08.13 10:38:08.915,0.84474,0.8449,1.38,1.00
2014.08.13 10:38:10.170,0.84474,0.8449,1.13,1.00
2014.08.13 10:38:10.616,0.84474,0.8449,1.38,1.00
2014.08.13 10:38:10.918,0.8448,0.84493,1.00,1.00
2014.08.13 10:38:11.375,0.84475,0.8449,1.55,1.00
2014.08.13 10:38:11.709,0.8448,0.84493,1.00,1.00
2014.08.13 10:38:12.255,0.8448,0.84494,1.00,1.00
2014.08.13 10:38:13.786,0.8448,0.84494,1.00,1.20
2014.08.13 10:38:13.887,0.84475,0.8449,1.48,1.00
2014.08.13 10:38:14.348,0.8448,0.84491,1.00,1.00
2014.08.13 10:38:14.678,0.8448,0.84493,1.00,1.10
2014.08.13 10:38:16.093,0.84479,0.84493,1.00,1.00
2014.08.13 10:38:17.404,0.84474,0.84491,1.58,1.00
2014.08.13 10:38:19.468,0.84474,0.84491,1.58,1.00
2014.08.13 10:38:19.982,0.84474,0.84491,2.78,1.00
2014.08.13 10:38:21.155,0.8448,0.84495,1.00,1.50
2014.08.13 10:38:21.718,0.8448,0.84493,1.00,1.00
2014.08.13 10:38:22.021,0.84475,0.8449,1.48,1.00
2014.08.13 10:38:22.172,0.8448,0.84491,1.00,1.00
2014.08.13 10:38:22.391,0.84471,0.8449,2.70,1.00
2014.08.13 10:38:22.491,0.8447,0.84489,1.53,1.00
2014.08.13 10:38:22.831,0.84475,0.84489,1.00,1.00
2014.08.13 10:38:23.564,0.8447,0.84489,1.53,1.00
2014.08.13 10:38:24.125,0.84479,0.8449,1.00,1.00
2014.08.13 10:38:24.635,0.8448,0.84492,1.00,1.00
2014.08.13 10:38:25.160,0.84479,0.84492,1.00,1.00
2014.08.13 10:38:26.183,0.84479,0.84492,1.38,1.00
2014.08.13 10:38:26.535,0.8448,0.84495,1.00,1.00
2014.08.13 10:38:29.629,0.84479,0.84496,1.38,1.65
2014.08.13 10:38:30.153,0.84479,0.84495,1.38,1.00
2014.08.13 10:38:30.687,0.84479,0.84496,1.13,1.20
2014.08.13 10:38:30.995,0.84475,0.8449,1.53,1.00
2014.08.13 10:38:31.045,0.8448,0.84495,1.00,1.00
2014.08.13 10:38:31.406,0.84475,0.8449,1.53,1.00
2014.08.13 10:38:31.607,0.84475,0.8449,1.38,1.00
2014.08.13 10:38:34.513,0.84475,0.8449,1.13,1.00
2014.08.13 10:38:43.288,0.84475,0.84489,1.00,1.00
2014.08.13 10:38:43.817,0.84475,0.84489,1.00,1.18
2014.08.13 10:38:46.037,0.84469,0.84486,1.55,1.00
2014.08.13 10:38:46.553,0.84469,0.84486,1.38,1.08
2014.08.13 10:38:46.819,0.84474,0.84487,1.00,1.00
2014.08.13 10:38:47.363,0.84475,0.84488,1.00,1.10
2014.08.13 10:38:58.323,0.8447,0.84485,1.48,1.00
2014.08.13 10:38:58.861,0.8447,0.84485,1.10,1.00
2014.08.13 10:39:01.631,0.84469,0.84485,1.00,1.00
2014.08.13 10:39:01.731,0.84469,0.84485,1.00,1.08
2014.08.13 10:39:02.079,0.84469,0.84485,1.00,1.10
2014.08.13 10:39:02.610,0.84469,0.84484,1.00,1.00
2014.08.13 10:39:03.151,0.8447,0.84484,1.00,1.00
2014.08.13 10:39:04.076,0.8447,0.84485,1.00,1.88
2014.08.13 10:39:05.098,0.8447,0.84485,1.38,1.00
2014.08.13 10:39:05.412,0.84475,0.84486,1.00,1.00
2014.08.13 10:39:07.059,0.8447,0.84485,1.13,1.00
2014.08.13 10:39:08.113,0.84475,0.84486,1.00,1.00
2014.08.13 10:39:09.642,0.84475,0.84489,1.00,1.28
2014.08.13 10:39:14.597,0.84475,0.84486,1.00,1.13
2014.08.13 10:39:14.648,0.8447,0.84485,1.00,1.00
2014.08.13 10:39:21.063,0.8447,0.84485,1.38,1.00
2014.08.13 10:39:21.417,0.84475,0.84487,1.00,1.00
2014.08.13 10:39:26.613,0.84469,0.84486,1.13,1.50
2014.08.13 10:39:27.149,0.84469,0.84486,1.13,1.58
2014.08.13 10:39:27.911,0.84469,0.84484,1.00,1.00
2014.08.13 10:39:33.663,0.8447,0.84484,1.00,2.78
2014.08.13 10:39:34.196,0.84469,0.84484,1.00,2.78
2014.08.13 10:39:35.700,0.84469,0.84484,1.00,2.78
2014.08.13 10:39:40.349,0.84469,0.84484,1.00,2.78
2014.08.13 10:39:40.919,0.84469,0.84484,1.00,2.78
2014.08.13 10:39:42.653,0.8447,0.84484,1.00,2.78
2014.08.13 10:39:44.457,0.8447,0.84482,1.00,1.53
2014.08.13 10:39:49.582,0.84465,0.8448,1.00,1.95
2014.08.13 10:39:50.815,0.8447,0.8448,1.00,1.20
2014.08.13 10:39:51.231,0.84465,0.8448,1.00,1.95
2014.08.13 10:39:55.986,0.8447,0.8448,1.00,1.10
2014.08.13 10:39:56.087,0.84465,0.8448,1.00,1.58
2014.08.13 10:39:56.137,0.84465,0.84478,1.00,1.50
2014.08.13 10:39:56.452,0.84465,0.84475,1.00,1.15
2014.08.13 10:39:57.182,0.8446,0.84474,1.13,1.18
2014.08.13 10:39:57.284,0.84465,0.84474,1.00,1.18
2014.08.13 10:40:00.353,0.84465,0.84475,1.00,1.00
2014.08.13 10:40:00.855,0.84465,0.84476,1.00,1.10
2014.08.13 10:40:01.762,0.84465,0.84477,1.00,1.10
2014.08.13 10:40:02.221,0.84465,0.84481,1.38,2.33
2014.08.13 10:40:02.523,0.84469,0.84481,1.00,2.25
2014.08.13 10:40:02.624,0.84469,0.84483,1.00,1.10
2014.08.13 10:40:03.050,0.84465,0.84483,1.48,1.10
2014.08.13 10:40:03.389,0.84465,0.8448,1.20,1.00
2014.08.13 10:40:03.742,0.84465,0.8448,1.00,1.28
2014.08.13 10:40:05.014,0.84465,0.84479,1.00,1.00
2014.08.13 10:40:05.328,0.84464,0.84481,1.48,1.08
2014.08.13 10:40:05.378,0.84464,0.84481,1.28,1.50
2014.08.13 10:40:05.633,0.84464,0.84478,1.13,1.00
2014.08.13 10:40:06.170,0.84464,0.84477,1.00,1.00
2014.08.13 10:40:06.675,0.84464,0.84478,1.00,1.10
2014.08.13 10:40:07.029,0.84465,0.8448,1.38,1.18
2014.08.13 10:40:07.335,0.8447,0.84481,1.00,1.08
2014.08.13 10:40:07.688,0.84465,0.8448,1.13,1.58
2014.08.13 10:40:08.215,0.84465,0.8448,1.13,1.50
2014.08.13 10:40:08.875,0.84465,0.8448,1.38,1.00
2014.08.13 10:40:09.082,0.84464,0.84482,1.48,1.10
2014.08.13 10:40:09.133,0.8447,0.84482,1.00,1.10
2014.08.13 10:40:10.152,0.8447,0.84483,1.00,1.00
2014.08.13 10:40:10.403,0.84465,0.84484,2.78,1.10
2014.08.13 10:40:10.582,0.84465,0.84482,1.55,1.00
2014.08.13 10:40:10.975,0.8447,0.84482,1.00,1.00
2014.08.13 10:40:13.167,0.84465,0.8448,1.38,1.00
2014.08.13 10:40:13.712,0.84465,0.8448,1.13,1.50
2014.08.13 10:40:14.685,0.84465,0.84481,1.38,1.10
2014.08.13 10:40:14.836,0.8447,0.84481,1.00,1.10
2014.08.13 10:40:18.954,0.8447,0.8448,1.00,1.00
2014.08.13 10:40:19.004,0.84465,0.8448,1.00,1.50
2014.08.13 10:40:19.424,0.84465,0.84477,1.00,1.00
2014.08.13 10:40:19.982,0.84464,0.84477,1.00,1.00
2014.08.13 10:40:30.885,0.8446,0.84477,1.00,2.78
2014.08.13 10:40:31.195,0.8446,0.84473,1.00,1.00
2014.08.13 10:40:31.501,0.84465,0.84475,1.00,1.18
2014.08.13 10:40:31.883,0.8446,0.84476,1.00,2.40
2014.08.13 10:40:32.185,0.8446,0.84472,1.00,1.00
2014.08.13 10:40:32.688,0.8446,0.84473,1.00,1.20
2014.08.13 10:40:36.248,0.8446,0.84474,1.00,1.00
2014.08.13 10:40:36.549,0.84464,0.84476,1.00,1.18
2014.08.13 10:40:41.862,0.84465,0.84476,1.00,1.18
2014.08.13 10:40:48.595,0.8446,0.84475,1.00,1.10
2014.08.13 10:40:48.897,0.8446,0.84475,1.00,1.28
2014.08.13 10:40:49.289,0.8446,0.84475,1.00,3.45
2014.08.13 10:40:49.869,0.8446,0.84475,1.00,1.28
2014.08.13 10:40:51.457,0.84465,0.84476,1.00,1.15
2014.08.13 10:40:52.893,0.8446,0.84476,1.00,1.28
2014.08.13 10:40:53.345,0.84465,0.84473,1.00,1.00
2014.08.13 10:40:53.396,0.84465,0.84476,1.00,1.18
2014.08.13 10:40:53.597,0.84465,0.84479,1.00,1.10
2014.08.13 10:40:57.473,0.84465,0.84478,1.00,1.08
2014.08.13 10:40:57.876,0.84465,0.84477,1.00,1.08
2014.08.13 10:40:58.027,0.84465,0.84478,1.00,1.20
2014.08.13 10:40:59.095,0.84465,0.84477,1.00,1.18
2014.08.13 10:40:59.796,0.84464,0.84477,1.00,1.18
2014.08.13 10:41:04.084,0.84465,0.84477,1.00,1.28
2014.08.13 10:41:13.468,0.84464,0.84477,1.00,1.18
2014.08.13 10:41:13.982,0.84465,0.84477,1.00,1.18
2014.08.13 10:41:19.372,0.8446,0.84475,1.13,1.10
2014.08.13 10:41:31.491,0.84464,0.84477,1.00,1.15
2014.08.13 10:41:31.592,0.84464,0.84479,1.00,1.28
2014.08.13 10:41:45.111,0.84465,0.84479,1.00,1.15
2014.08.13 10:41:46.912,0.84464,0.84479,1.00,1.53
2014.08.13 10:41:47.415,0.84465,0.84479,1.00,1.53
2014.08.13 10:41:48.031,0.84465,0.84479,1.00,1.53
2014.08.13 10:41:48.440,0.8447,0.84479,1.00,1.15
2014.08.13 10:41:48.874,0.84464,0.84478,1.00,1.28
2014.08.13 10:41:50.111,0.8447,0.84478,1.00,1.28
2014.08.13 10:41:50.282,0.84464,0.84478,1.00,1.28
2014.08.13 10:41:50.824,0.84464,0.84477,1.00,1.48
2014.08.13 10:41:51.093,0.84459,0.84477,1.00,1.53
2014.08.13 10:41:51.601,0.84459,0.84474,1.38,1.00
2014.08.13 10:41:51.652,0.84465,0.84474,1.00,1.00
2014.08.13 10:41:52.074,0.8446,0.84474,1.00,1.15
2014.08.13 10:41:52.375,0.8446,0.8447,1.00,1.00
2014.08.13 10:41:53.680,0.8446,0.84471,1.00,1.10
2014.08.13 10:41:53.984,0.84465,0.84473,1.00,1.00
2014.08.13 10:41:54.135,0.84459,0.84473,1.00,1.00
2014.08.13 10:41:54.678,0.84459,0.84475,1.00,1.08
2014.08.13 10:41:56.902,0.84465,0.84475,1.00,1.08
2014.08.13 10:41:57.412,0.84465,0.84475,1.00,1.00
2014.08.13 10:41:57.979,0.84465,0.84476,1.00,1.00
2014.08.13 10:42:00.605,0.84465,0.84477,1.00,1.00
2014.08.13 10:42:01.191,0.84465,0.84476,1.00,1.00
2014.08.13 10:42:01.502,0.8447,0.84477,1.00,1.00
2014.08.13 10:42:01.602,0.84469,0.84479,1.00,1.10
2014.08.13 10:42:02.172,0.8447,0.84479,1.00,1.10
2014.08.13 10:42:05.901,0.84469,0.84479,1.00,1.10
2014.08.13 10:42:11.989,0.8447,0.84479,1.00,1.10
2014.08.13 10:42:12.171,0.8447,0.84479,1.00,1.10
2014.08.13 10:42:18.142,0.8447,0.84479,1.00,1.10
2014.08.13 10:42:19.150,0.84469,0.84479,1.00,1.10
2014.08.13 10:42:19.769,0.8447,0.84479,1.00,1.10
2014.08.13 10:42:19.908,0.8447,0.84479,1.00,1.10
2014.08.13 10:42:20.420,0.8447,0.84479,1.00,1.18
2014.08.13 10:42:21.971,0.84469,0.84479,1.00,1.18
2014.08.13 10:42:34.563,0.84469,0.84481,1.00,1.15
2014.08.13 10:42:34.715,0.84469,0.84481,1.00,1.10
2014.08.13 10:42:37.190,0.84474,0.84481,1.00,1.00
2014.08.13 10:42:37.718,0.84474,0.84484,1.00,1.15
2014.08.13 10:42:41.744,0.84469,0.84484,1.00,1.15
2014.08.13 10:42:42.265,0.8447,0.84484,1.00,1.15
2014.08.13 10:42:44.449,0.84475,0.84484,1.00,1.15
2014.08.13 10:42:44.560,0.8447,0.84484,1.00,1.15
2014.08.13 10:42:46.648,0.84475,0.84484,1.00,1.15
2014.08.13 10:42:49.181,0.84475,0.84484,1.00,1.18
2014.08.13 10:42:49.711,0.84475,0.84484,1.00,1.00
2014.08.13 10:42:49.761,0.84469,0.84485,1.00,1.10
2014.08.13 10:42:49.963,0.84474,0.84485,1.00,1.20
2014.08.13 10:42:50.169,0.8447,0.84485,1.00,1.95
2014.08.13 10:42:50.390,0.84475,0.84485,1.00,1.20
2014.08.13 10:42:50.609,0.8447,0.84485,1.00,1.58
2014.08.13 10:42:56.347,0.84469,0.84485,1.00,1.10
2014.08.13 10:42:56.849,0.84469,0.84486,1.20,1.50
2014.08.13 10:42:56.900,0.84475,0.84486,1.00,1.00
2014.08.13 10:42:57.426,0.84475,0.84488,1.00,1.28
2014.08.13 10:42:57.994,0.84469,0.84486,1.10,1.00
2014.08.13 10:42:58.146,0.84469,0.84486,1.00,1.55
2014.08.13 10:42:58.670,0.8447,0.84485,1.00,2.03
2014.08.13 10:42:59.185,0.8447,0.84485,1.00,2.03
2014.08.13 10:43:00.529,0.8447,0.84483,1.00,1.48
2014.08.13 10:43:01.098,0.8447,0.84483,1.00,1.53
2014.08.13 10:43:08.318,0.84465,0.8448,1.00,1.10
2014.08.13 10:43:08.787,0.8447,0.84483,1.00,1.53
2014.08.13 10:43:11.954,0.8447,0.84483,1.00,1.28
2014.08.13 10:43:12.459,0.8447,0.84483,1.00,1.53
2014.08.13 10:43:12.963,0.8447,0.84483,1.00,1.53
2014.08.13 10:43:26.927,0.8447,0.84483,1.00,1.15
2014.08.13 10:43:28.884,0.8447,0.84485,1.00,1.58
2014.08.13 10:43:43.070,0.8447,0.84485,1.00,1.58
2014.08.13 10:43:43.407,0.84475,0.84486,1.00,1.53
2014.08.13 10:43:43.928,0.84475,0.84486,1.00,1.28
2014.08.13 10:43:45.506,0.84475,0.84486,1.00,1.10
2014.08.13 10:43:49.598,0.8448,0.84488,1.00,1.28
2014.08.13 10:43:51.733,0.8448,0.84488,1.00,1.00
2014.08.13 10:43:53.784,0.8448,0.84488,1.00,1.08
2014.08.13 10:43:55.770,0.84475,0.8449,1.00,2.03
2014.08.13 10:43:56.406,0.8447,0.84488,1.38,1.58
2014.08.13 10:43:56.457,0.8447,0.84488,1.13,1.95
2014.08.13 10:43:56.508,0.8447,0.84488,1.13,2.03
2014.08.13 10:43:56.845,0.84475,0.84486,1.00,1.00
2014.08.13 10:43:57.097,0.8447,0.84489,1.38,1.28
2014.08.13 10:43:57.607,0.8447,0.84486,1.00,1.20
2014.08.13 10:43:59.706,0.84469,0.84486,1.13,1.20
2014.08.13 10:43:59.910,0.84474,0.84486,1.00,1.20
2014.08.13 10:44:00.380,0.8447,0.84486,1.13,1.20
2014.08.13 10:44:00.481,0.84475,0.84486,1.00,1.20
2014.08.13 10:44:00.697,0.8447,0.84486,1.13,1.20
2014.08.13 10:44:01.808,0.84475,0.84486,1.00,1.20
2014.08.13 10:44:03.018,0.84475,0.84488,1.00,1.08
2014.08.13 10:44:05.409,0.84475,0.84489,1.00,1.10
2014.08.13 10:44:08.889,0.84475,0.8449,1.00,1.15
2014.08.13 10:44:12.040,0.84479,0.84489,1.00,2.70
2014.08.13 10:44:12.141,0.84474,0.84485,1.00,1.18
2014.08.13 10:44:12.378,0.84478,0.84485,1.00,1.10
2014.08.13 10:44:12.800,0.84475,0.84485,1.00,1.18
2014.08.13 10:44:13.317,0.84474,0.84485,1.00,1.18
2014.08.13 10:44:13.691,0.84478,0.84485,1.00,1.10
2014.08.13 10:44:14.016,0.84474,0.84485,1.00,1.18
2014.08.13 10:44:14.548,0.84475,0.84485,1.00,1.18
2014.08.13 10:44:15.657,0.84474,0.84485,1.00,1.18
2014.08.13 10:44:17.730,0.84475,0.84485,1.00,1.08
2014.08.13 10:44:17.781,0.84475,0.84485,1.00,1.10
2014.08.13 10:44:25.239,0.84474,0.84486,1.00,1.55
2014.08.13 10:44:25.751,0.84475,0.84486,1.00,1.55
2014.08.13 10:44:27.205,0.84475,0.84486,1.00,1.15
2014.08.13 10:44:27.729,0.84475,0.84486,1.00,1.15
2014.08.13 10:44:27.830,0.84475,0.84486,1.00,1.18
2014.08.13 10:44:42.495,0.84475,0.84486,1.00,1.00
2014.08.13 10:44:47.385,0.84475,0.84487,1.00,1.10
2014.08.13 10:45:02.629,0.8447,0.84486,1.00,1.50
2014.08.13 10:45:02.780,0.8447,0.84486,1.00,2.78
2014.08.13 10:45:03.082,0.84469,0.84482,1.00,1.28
2014.08.13 10:45:03.419,0.84469,0.84482,1.00,1.20
2014.08.13 10:45:04.308,0.84469,0.84481,1.00,1.00
2014.08.13 10:45:04.589,0.84465,0.8448,1.00,1.10
2014.08.13 10:45:04.740,0.84465,0.8448,1.00,1.28
2014.08.13 10:45:05.391,0.84465,0.84479,1.00,1.15
2014.08.13 10:45:10.506,0.84465,0.84479,1.00,1.28
2014.08.13 10:45:26.965,0.8446,0.84475,1.38,1.00
2014.08.13 10:45:27.529,0.8446,0.84475,1.13,1.00
2014.08.13 10:45:27.839,0.84464,0.84478,1.00,1.18
2014.08.13 10:45:32.090,0.84465,0.84478,1.00,1.55
2014.08.13 10:45:32.648,0.84464,0.84478,1.00,1.55
2014.08.13 10:45:32.748,0.84464,0.84478,1.00,1.10
2014.08.13 10:45:32.899,0.84464,0.8448,1.00,1.00
2014.08.13 10:45:33.102,0.8447,0.8448,1.00,1.00
2014.08.13 10:45:42.907,0.84464,0.84481,1.13,1.58
2014.08.13 10:45:43.111,0.8447,0.84481,1.00,1.20
2014.08.13 10:45:51.229,0.84469,0.84481,1.00,1.20
2014.08.13 10:45:52.108,0.84464,0.84481,1.00,1.95
2014.08.13 10:45:58.706,0.84464,0.84481,1.00,2.03
2014.08.13 10:46:00.297,0.84464,0.84481,1.00,2.03
2014.08.13 10:46:00.998,0.84464,0.8448,1.00,1.48
2014.08.13 10:46:01.560,0.84465,0.84478,1.00,1.10
2014.08.13 10:46:05.996,0.84465,0.84478,1.00,1.48
2014.08.13 10:46:06.509,0.84465,0.84478,1.00,1.48
2014.08.13 10:46:07.068,0.8446,0.84475,1.10,1.00
2014.08.13 10:46:11.011,0.84455,0.84475,2.03,1.08
2014.08.13 10:46:11.061,0.84455,0.84472,1.45,1.00
2014.08.13 10:46:11.372,0.84455,0.8447,1.20,1.00
2014.08.13 10:46:11.747,0.8446,0.84472,1.00,1.13
2014.08.13 10:46:12.567,0.84455,0.8447,1.00,1.00
2014.08.13 10:46:12.727,0.8446,0.84472,1.00,1.38
2014.08.13 10:46:13.636,0.8446,0.84472,1.00,1.00
2014.08.13 10:46:18.537,0.8446,0.84474,1.00,1.20
2014.08.13 10:46:19.040,0.8446,0.84473,1.00,1.00
2014.08.13 10:46:19.589,0.8446,0.84472,1.00,1.00
2014.08.13 10:46:26.536,0.84455,0.8447,1.08,1.00
2014.08.13 10:46:28.766,0.84455,0.8447,1.00,1.38
2014.08.13 10:46:30.218,0.84455,0.8447,1.00,1.65
2014.08.13 10:46:30.520,0.84455,0.8447,1.18,1.00
2014.08.13 10:46:37.185,0.84455,0.8447,1.13,1.00
2014.08.13 10:46:42.925,0.84455,0.8447,1.38,1.00
2014.08.13 10:46:43.687,0.84455,0.8447,1.00,1.00
2014.08.13 10:46:45.405,0.84455,0.8447,1.38,1.00
2014.08.13 10:46:58.299,0.84455,0.8447,1.53,1.00
2014.08.13 10:46:58.819,0.84455,0.8447,1.53,1.00
2014.08.13 10:46:59.552,0.84455,0.8447,1.53,1.00
2014.08.13 10:47:00.070,0.84455,0.8447,1.53,1.00
2014.08.13 10:47:01.210,0.8446,0.84473,1.00,1.00
2014.08.13 10:47:01.311,0.84455,0.8447,1.55,1.00
2014.08.13 10:47:01.580,0.84455,0.8447,1.20,1.00
2014.08.13 10:47:04.698,0.84455,0.8447,1.00,1.08
2014.08.13 10:47:04.849,0.8445,0.8447,1.38,1.65
2014.08.13 10:47:05.165,0.84449,0.84466,1.58,1.00
2014.08.13 10:47:05.417,0.84449,0.84466,1.28,1.00
2014.08.13 10:47:05.518,0.84449,0.84466,1.48,1.08
2014.08.13 10:47:05.619,0.8445,0.8447,1.10,3.15
2014.08.13 10:47:05.720,0.8445,0.8447,2.33,1.65
2014.08.13 10:47:06.036,0.84451,0.8447,2.25,1.08
2014.08.13 10:47:06.393,0.84449,0.84471,3.83,1.65
2014.08.13 10:47:06.493,0.84449,0.8447,3.75,2.25
2014.08.13 10:47:06.594,0.84449,0.84471,3.83,1.58
2014.08.13 10:47:07.219,0.84449,0.8447,3.08,1.00
2014.08.13 10:47:08.500,0.84449,0.8447,1.53,1.18
2014.08.13 10:47:09.003,0.8445,0.84469,1.55,1.20
2014.08.13 10:47:13.709,0.84449,0.84469,1.53,1.48
2014.08.13 10:47:16.771,0.84449,0.84469,1.53,1.20
2014.08.13 10:47:17.533,0.84449,0.84469,1.53,1.48
2014.08.13 10:47:18.727,0.84449,0.84469,1.53,1.20
2014.08.13 10:47:21.656,0.84449,0.84469,1.28,1.48
2014.08.13 10:47:21.999,0.84449,0.84468,1.10,1.55
2014.08.13 10:47:22.352,0.84445,0.84465,1.53,1.13
2014.08.13 10:47:22.975,0.84445,0.84465,1.53,1.38
2014.08.13 10:47:23.956,0.8445,0.84466,1.00,1.58
2014.08.13 10:47:24.057,0.8445,0.84466,1.00,2.78
2014.08.13 10:47:25.075,0.8445,0.84467,1.13,1.00
2014.08.13 10:47:26.527,0.84449,0.84467,1.13,1.13
2014.08.13 10:47:27.654,0.84449,0.84467,1.38,1.00
2014.08.13 10:47:28.901,0.84449,0.84467,1.13,1.13
2014.08.13 10:47:30.455,0.84449,0.84467,1.38,1.00
2014.08.13 10:47:31.063,0.84449,0.84469,1.38,1.53
2014.08.13 10:47:31.835,0.8445,0.84469,1.38,1.28
2014.08.13 10:47:34.395,0.8445,0.84469,1.00,1.28
2014.08.13 10:47:35.826,0.8445,0.84469,1.00,2.78
2014.08.13 10:47:36.166,0.8445,0.84469,1.08,1.10
2014.08.13 10:47:36.392,0.84455,0.84469,1.00,1.20
