2017.12.01 02:00:00.268,0.74402,0.7442,1.50,1.12
2017.12.01 02:00:00.572,0.744,0.74416,1.00,1.12
2017.12.01 02:00:00.837,0.74401,0.74418,1.00,1.12
2017.12.01 02:00:01.040,0.74402,0.7442,1.50,1.12
2017.12.01 02:00:01.193,0.74404,0.7442,1.00,1.12
2017.12.01 02:00:01.396,0.74405,0.74423,1.00,1.57
2017.12.01 02:00:01.885,0.74403,0.74421,1.50,1.00
2017.12.01 02:00:01.936,0.74403,0.74419,1.50,1.00
2017.12.01 02:00:02.470,0.74403,0.74421,2.25,1.20
2017.12.01 02:00:02.999,0.74404,0.74421,1.00,1.20
2017.12.01 02:00:04.403,0.74403,0.74421,1.50,1.20
2017.12.01 02:00:04.555,0.74406,0.74424,1.00,2.32
2017.12.01 02:00:04.657,0.74405,0.74425,1.87,2.70
2017.12.01 02:00:04.947,0.74405,0.74425,1.50,2.70
2017.12.01 02:00:05.059,0.74403,0.7442,1.00,1.00
2017.12.01 02:00:05.110,0.74403,0.74418,1.00,1.00
2017.12.01 02:00:05.262,0.74401,0.74418,1.00,1.00
2017.12.01 02:00:05.487,0.74401,0.74418,1.37,1.00
2017.12.01 02:00:05.538,0.74403,0.74421,1.87,1.10
2017.12.01 02:00:06.093,0.74403,0.74422,1.87,1.20
2017.12.01 02:00:07.116,0.74405,0.74423,1.00,1.57
2017.12.01 02:00:07.528,0.74407,0.74425,1.00,1.57
2017.12.01 02:00:12.217,0.74407,0.74425,1.87,1.57
2017.12.01 02:00:12.584,0.74409,0.74425,1.00,1.00
2017.12.01 02:00:13.558,0.74409,0.74427,1.12,1.10
2017.12.01 02:00:15.280,0.74407,0.74425,1.12,1.00
2017.12.01 02:00:15.456,0.74408,0.74428,1.50,1.95
2017.12.01 02:00:17.475,0.74409,0.74427,1.00,1.20
2017.12.01 02:00:17.577,0.74407,0.74425,1.00,1.00
2017.12.01 02:00:18.463,0.74406,0.74425,1.00,1.10
2017.12.01 02:00:19.728,0.74406,0.74426,1.50,1.57
2017.12.01 02:00:21.984,0.74407,0.74425,1.50,1.00
2017.12.01 02:00:22.875,0.74408,0.74428,1.12,1.95
2017.12.01 02:00:23.897,0.74409,0.74427,1.00,1.20
2017.12.01 02:00:24.670,0.74408,0.74428,1.12,1.95
2017.12.01 02:00:29.483,0.74411,0.74429,1.50,1.12
2017.12.01 02:00:30.593,0.74411,0.7443,2.25,1.50
2017.12.01 02:00:36.638,0.74412,0.74429,1.12,1.00
2017.12.01 02:00:36.942,0.74409,0.74427,1.37,1.00
2017.12.01 02:00:36.993,0.74408,0.74428,1.87,1.95
2017.12.01 02:00:40.594,0.74409,0.74427,1.00,1.12
2017.12.01 02:00:44.420,0.74411,0.74429,1.00,1.95
2017.12.01 02:00:44.522,0.74409,0.74427,2.25,1.00
2017.12.01 02:00:45.042,0.7441,0.74427,1.00,1.00
2017.12.01 02:00:48.174,0.74409,0.74427,2.25,1.00
2017.12.01 02:00:49.245,0.74411,0.74429,1.00,1.57
2017.12.01 02:00:49.650,0.74408,0.74426,1.50,1.00
2017.12.01 02:00:50.189,0.74408,0.74426,1.00,1.57
2017.12.01 02:00:50.590,0.74406,0.74422,1.87,1.00
2017.12.01 02:00:50.692,0.74404,0.74422,1.00,1.12
2017.12.01 02:00:50.845,0.74402,0.7442,1.50,1.12
2017.12.01 02:00:51.153,0.74404,0.74422,1.12,1.10
2017.12.01 02:00:51.683,0.74405,0.74422,1.00,1.00
2017.12.01 02:00:52.202,0.74406,0.74424,1.87,1.00
2017.12.01 02:00:54.080,0.74408,0.74426,1.00,1.57
2017.12.01 02:00:54.605,0.74408,0.74426,1.12,1.00
2017.12.01 02:00:54.988,0.74405,0.74423,2.25,1.00
2017.12.01 02:01:00.674,0.74406,0.74423,1.00,1.00
2017.12.01 02:01:01.754,0.74407,0.74427,1.00,1.57
2017.12.01 02:01:03.245,0.74407,0.74427,1.50,1.57
2017.12.01 02:01:06.264,0.74408,0.74427,1.00,1.57
2017.12.01 02:01:07.021,0.74408,0.74424,1.00,1.00
2017.12.01 02:01:11.186,0.74406,0.74424,1.50,1.00
2017.12.01 02:01:17.595,0.7441,0.74426,1.00,1.12
2017.12.01 02:01:17.748,0.74408,0.74426,1.00,1.12
2017.12.01 02:01:18.824,0.74407,0.74425,1.12,1.00
2017.12.01 02:01:19.331,0.74407,0.74424,1.12,1.00
2017.12.01 02:01:21.589,0.74406,0.74424,3.00,1.50
2017.12.01 02:01:22.093,0.74407,0.74425,1.00,1.75
2017.12.01 02:01:22.308,0.74407,0.74425,1.00,1.10
2017.12.01 02:01:22.480,0.74409,0.74426,1.00,1.57
2017.12.01 02:01:22.633,0.74412,0.7443,1.00,1.20
2017.12.01 02:01:23.846,0.74408,0.74425,2.25,1.50
2017.12.01 02:01:23.897,0.74408,0.74425,1.00,1.50
2017.12.01 02:01:23.948,0.74404,0.74421,1.75,1.00
2017.12.01 02:01:23.999,0.74404,0.74421,1.00,1.00
2017.12.01 02:01:24.234,0.74405,0.74423,1.12,1.10
2017.12.01 02:01:25.091,0.74403,0.74421,2.62,1.00
2017.12.01 02:01:26.489,0.74405,0.74421,1.00,1.00
2017.12.01 02:01:26.591,0.74403,0.74421,2.62,1.00
2017.12.01 02:01:26.641,0.74405,0.74421,1.00,1.00
2017.12.01 02:01:26.692,0.74403,0.74421,2.62,1.00
2017.12.01 02:01:33.219,0.74403,0.7442,1.87,1.00
2017.12.01 02:01:34.374,0.74403,0.74421,1.87,1.10
2017.12.01 02:01:35.904,0.74403,0.7442,1.87,1.10
2017.12.01 02:01:42.827,0.74402,0.7442,1.00,1.57
2017.12.01 02:01:45.795,0.74402,0.7442,1.37,1.00
2017.12.01 02:01:46.599,0.74404,0.74421,1.12,1.10
2017.12.01 02:01:48.372,0.74404,0.7442,1.12,1.00
2017.12.01 02:01:49.223,0.74404,0.74421,1.12,1.00
2017.12.01 02:01:50.117,0.74404,0.7442,1.12,1.00
2017.12.01 02:01:52.658,0.74404,0.74422,1.12,1.00
2017.12.01 02:01:52.760,0.74406,0.74424,1.12,1.00
2017.12.01 02:01:53.271,0.74407,0.74424,1.00,1.00
2017.12.01 02:01:54.115,0.74406,0.74424,1.12,1.00
2017.12.01 02:01:54.857,0.74406,0.7442,1.12,1.00
2017.12.01 02:01:55.123,0.74404,0.7442,1.10,1.00
2017.12.01 02:01:56.234,0.74404,0.74421,1.10,1.50
2017.12.01 02:01:59.916,0.74404,0.7442,1.00,1.00
2017.12.01 02:02:00.507,0.74404,0.74421,1.00,1.50
2017.12.01 02:02:01.593,0.74403,0.74421,1.57,1.50
2017.12.01 02:02:02.334,0.74403,0.74421,1.57,1.50
2017.12.01 02:02:03.618,0.74403,0.7442,1.57,1.00
2017.12.01 02:02:03.884,0.74404,0.74424,1.57,1.50
2017.12.01 02:02:03.935,0.74404,0.74421,1.57,1.00
2017.12.01 02:02:04.036,0.74404,0.74424,1.57,1.50
2017.12.01 02:02:04.188,0.74408,0.74425,1.00,1.50
2017.12.01 02:02:05.961,0.74406,0.74424,1.12,1.00
2017.12.01 02:02:06.556,0.74405,0.74425,1.50,1.87
2017.12.01 02:02:07.093,0.74406,0.74424,1.12,1.00
2017.12.01 02:02:09.463,0.74404,0.74421,2.70,1.00
2017.12.01 02:02:09.977,0.74404,0.7442,1.12,1.00
2017.12.01 02:02:13.564,0.74404,0.74422,1.20,1.00
2017.12.01 02:02:21.824,0.74402,0.7442,3.45,1.00
2017.12.01 02:02:22.236,0.74403,0.74423,1.57,1.12
2017.12.01 02:02:24.283,0.74403,0.74422,1.10,1.00
2017.12.01 02:02:25.233,0.74404,0.74422,1.00,1.50
2017.12.01 02:02:25.284,0.74404,0.7442,1.00,1.00
2017.12.01 02:02:25.335,0.74404,0.74422,1.00,1.50
2017.12.01 02:02:25.801,0.74402,0.7442,1.50,1.00
2017.12.01 02:02:27.473,0.74402,0.7442,1.50,1.45
2017.12.01 02:02:27.582,0.74402,0.7442,1.50,1.20
2017.12.01 02:02:27.684,0.74404,0.74422,1.12,1.95
2017.12.01 02:02:28.735,0.74404,0.74422,1.12,1.45
2017.12.01 02:02:29.463,0.74406,0.74424,1.12,1.95
2017.12.01 02:02:29.969,0.74407,0.74423,1.00,1.20
2017.12.01 02:02:30.191,0.74405,0.74423,1.72,1.00
2017.12.01 02:02:34.515,0.74404,0.74424,2.25,1.57
2017.12.01 02:02:35.230,0.74404,0.74424,2.25,1.57
2017.12.01 02:02:36.348,0.74404,0.74424,1.50,1.45
2017.12.01 02:02:40.541,0.74404,0.74424,2.25,1.20
2017.12.01 02:02:41.847,0.74404,0.74424,2.25,1.20
2017.12.01 02:02:41.898,0.74408,0.74425,1.00,1.95
2017.12.01 02:02:41.950,0.74408,0.74425,1.50,1.00
2017.12.01 02:02:42.051,0.7441,0.74425,1.00,1.00
2017.12.01 02:02:42.430,0.7441,0.74427,1.00,1.00
2017.12.01 02:02:43.438,0.74406,0.74424,1.95,1.00
2017.12.01 02:02:44.053,0.74407,0.74425,1.50,1.10
2017.12.01 02:02:44.664,0.74408,0.74425,1.00,1.10
2017.12.01 02:02:46.425,0.74407,0.74425,1.00,1.10
2017.12.01 02:02:46.843,0.74409,0.74426,1.12,1.10
2017.12.01 02:02:47.414,0.74409,0.74427,1.87,1.57
2017.12.01 02:02:50.546,0.7441,0.7443,2.25,2.32
2017.12.01 02:02:51.062,0.74413,0.7443,1.12,1.10
2017.12.01 02:02:56.313,0.74413,0.74431,1.87,1.10
2017.12.01 02:02:56.632,0.74415,0.74433,1.12,1.20
2017.12.01 02:02:58.495,0.74415,0.74433,1.12,1.10
2017.12.01 02:03:06.108,0.74413,0.74432,1.00,1.87
2017.12.01 02:03:06.210,0.74415,0.7443,1.00,1.00
2017.12.01 02:03:06.311,0.74413,0.74431,1.50,1.00
2017.12.01 02:03:09.152,0.74413,0.7443,1.00,1.00
2017.12.01 02:03:13.685,0.74412,0.7443,1.00,1.12
2017.12.01 02:03:14.226,0.74413,0.7443,1.00,1.10
2017.12.01 02:03:22.785,0.74412,0.7443,1.00,1.87
2017.12.01 02:03:23.799,0.74412,0.7443,1.50,1.50
2017.12.01 02:03:25.094,0.74412,0.7443,1.00,1.95
2017.12.01 02:03:25.195,0.74411,0.74429,1.50,1.50
2017.12.01 02:03:25.821,0.74411,0.74429,1.50,1.12
2017.12.01 02:03:26.165,0.74413,0.7443,1.00,1.10
2017.12.01 02:03:27.917,0.74413,0.74431,1.12,1.00
2017.12.01 02:03:31.364,0.74413,0.7443,1.12,1.00
2017.12.01 02:03:32.263,0.74411,0.74429,1.87,1.00
2017.12.01 02:03:32.314,0.74413,0.7443,1.00,1.00
2017.12.01 02:03:33.851,0.74411,0.74429,2.62,1.00
2017.12.01 02:03:33.902,0.74413,0.74429,1.00,1.00
2017.12.01 02:03:39.682,0.74412,0.74429,1.00,1.00
2017.12.01 02:03:39.733,0.7441,0.74428,1.00,1.00
2017.12.01 02:03:39.784,0.74409,0.74425,1.00,1.00
2017.12.01 02:03:39.835,0.74406,0.74424,1.87,1.00
2017.12.01 02:03:39.988,0.74409,0.74425,1.00,1.12
2017.12.01 02:03:40.357,0.74407,0.74425,1.00,1.00
2017.12.01 02:03:40.904,0.74407,0.74425,1.87,1.00
2017.12.01 02:03:41.348,0.74406,0.74425,1.12,1.20
2017.12.01 02:03:45.707,0.74405,0.74423,1.50,1.00
2017.12.01 02:03:46.067,0.74404,0.74424,1.50,1.82
2017.12.01 02:03:46.659,0.74404,0.7442,1.00,1.50
2017.12.01 02:03:47.015,0.74402,0.7442,1.12,1.50
2017.12.01 02:03:47.217,0.74401,0.74418,1.00,1.00
2017.12.01 02:03:47.521,0.74403,0.74418,1.00,1.00
2017.12.01 02:03:48.243,0.74405,0.74422,1.50,1.07
2017.12.01 02:03:48.475,0.74405,0.74423,1.12,1.10
2017.12.01 02:03:48.577,0.74406,0.74419,1.00,1.00
2017.12.01 02:03:48.628,0.74402,0.74419,1.00,1.00
2017.12.01 02:03:48.779,0.744,0.74418,1.00,1.12
2017.12.01 02:03:50.342,0.74401,0.74419,1.00,1.07
2017.12.01 02:03:53.225,0.74401,0.74419,1.00,1.10
2017.12.01 02:03:53.871,0.74401,0.74419,1.00,1.07
2017.12.01 02:03:56.946,0.74401,0.74419,1.00,1.10
2017.12.01 02:03:57.148,0.74403,0.7442,1.00,1.10
2017.12.01 02:03:57.351,0.74395,0.74413,1.50,1.20
2017.12.01 02:03:58.041,0.74396,0.74414,1.00,1.47
2017.12.01 02:04:00.219,0.74395,0.74413,1.50,1.20
2017.12.01 02:04:05.141,0.74395,0.74413,1.00,1.20
2017.12.01 02:04:05.848,0.74394,0.74411,1.12,1.00
2017.12.01 02:04:08.243,0.74393,0.74411,1.00,1.12
2017.12.01 02:04:08.345,0.74391,0.74409,3.00,1.00
2017.12.01 02:04:09.272,0.74391,0.74409,2.25,1.20
2017.12.01 02:04:12.274,0.74391,0.74409,1.00,1.20
2017.12.01 02:04:12.801,0.7439,0.74409,1.12,1.57
2017.12.01 02:04:13.195,0.74389,0.74406,1.00,1.07
2017.12.01 02:04:13.245,0.74387,0.74406,1.12,1.57
2017.12.01 02:04:13.569,0.74389,0.74406,1.00,1.12
2017.12.01 02:04:15.075,0.74389,0.74404,1.00,1.00
2017.12.01 02:04:16.203,0.74389,0.74406,1.00,1.12
2017.12.01 02:04:17.864,0.74391,0.74406,1.00,1.12
2017.12.01 02:04:21.101,0.74391,0.74408,1.00,1.12
2017.12.01 02:04:21.829,0.74392,0.74408,1.00,1.12
2017.12.01 02:04:22.393,0.74392,0.74409,1.50,1.00
2017.12.01 02:04:22.494,0.74394,0.74409,1.00,1.00
2017.12.01 02:04:23.426,0.74394,0.74412,1.00,2.32
2017.12.01 02:04:23.528,0.74396,0.74414,1.00,1.57
2017.12.01 02:04:23.579,0.74396,0.74414,1.87,1.07
2017.12.01 02:04:23.732,0.74396,0.74415,1.12,1.20
2017.12.01 02:04:29.972,0.74396,0.74415,1.00,2.32
2017.12.01 02:04:30.090,0.74396,0.74415,1.12,1.95
2017.12.01 02:04:31.868,0.74398,0.74415,1.00,1.20
2017.12.01 02:04:34.132,0.74398,0.74415,1.00,1.20
2017.12.01 02:04:34.183,0.74395,0.74413,1.50,1.12
2017.12.01 02:04:34.441,0.74397,0.74415,1.00,1.12
2017.12.01 02:04:34.765,0.74399,0.74416,1.00,1.00
2017.12.01 02:04:35.469,0.74399,0.74417,1.00,1.00
2017.12.01 02:04:35.813,0.74401,0.74418,1.00,1.10
2017.12.01 02:04:36.118,0.74403,0.7442,1.00,1.10
2017.12.01 02:04:36.422,0.74401,0.74419,1.00,1.57
2017.12.01 02:04:40.020,0.744,0.74416,1.00,1.12
2017.12.01 02:04:40.712,0.744,0.74418,1.50,1.20
2017.12.01 02:04:41.439,0.744,0.74418,1.50,1.20
2017.12.01 02:04:41.688,0.74402,0.74418,1.00,1.10
2017.12.01 02:04:42.591,0.74401,0.74418,1.12,1.00
2017.12.01 02:04:43.265,0.74402,0.7442,1.00,1.95
2017.12.01 02:04:43.609,0.74407,0.74425,1.12,1.57
2017.12.01 02:04:43.811,0.74404,0.74422,2.25,1.00
2017.12.01 02:04:46.311,0.74404,0.74422,1.50,1.07
2017.12.01 02:04:47.121,0.74404,0.74422,1.50,1.10
2017.12.01 02:04:50.483,0.74404,0.74422,2.25,1.07
2017.12.01 02:04:51.974,0.74404,0.74422,2.25,1.00
2017.12.01 02:04:52.126,0.74406,0.74424,1.50,1.07
2017.12.01 02:04:52.312,0.74408,0.74426,1.12,1.57
2017.12.01 02:04:52.715,0.74406,0.74425,1.00,1.20
2017.12.01 02:04:53.268,0.74405,0.74425,1.87,1.57
2017.12.01 02:04:54.452,0.74405,0.74425,1.12,1.57
2017.12.01 02:04:58.318,0.74406,0.74424,1.00,1.20
2017.12.01 02:05:00.354,0.74406,0.74424,1.00,1.07
2017.12.01 02:05:00.978,0.74406,0.74424,1.00,1.20
2017.12.01 02:05:01.314,0.74406,0.74424,1.00,1.10
2017.12.01 02:05:01.827,0.74405,0.74424,1.50,1.45
2017.12.01 02:05:04.494,0.74405,0.74425,1.50,3.45
2017.12.01 02:05:05.026,0.74406,0.74424,1.87,1.10
2017.12.01 02:05:05.367,0.74404,0.74422,1.87,1.10
2017.12.01 02:05:05.684,0.74406,0.74424,1.87,1.07
2017.12.01 02:05:06.482,0.74406,0.74424,1.12,1.10
2017.12.01 02:05:06.816,0.74404,0.74422,2.25,1.07
2017.12.01 02:05:07.422,0.74404,0.74422,1.50,1.95
2017.12.01 02:05:08.805,0.74403,0.74422,1.50,1.45
2017.12.01 02:05:09.805,0.74403,0.74422,1.50,1.45
2017.12.01 02:05:11.317,0.74403,0.74423,2.25,1.57
2017.12.01 02:05:11.417,0.74403,0.74423,2.25,1.20
2017.12.01 02:05:14.356,0.74403,0.74423,1.50,1.82
2017.12.01 02:05:14.882,0.74404,0.74422,1.87,1.07
2017.12.01 02:05:15.572,0.74404,0.74422,1.87,1.10
2017.12.01 02:05:15.787,0.74404,0.74422,1.87,1.20
2017.12.01 02:05:16.393,0.74404,0.74422,1.87,1.10
2017.12.01 02:05:16.527,0.74404,0.74422,1.87,1.20
2017.12.01 02:05:17.976,0.74404,0.74422,1.12,1.07
2017.12.01 02:05:22.973,0.74406,0.74423,1.00,1.07
2017.12.01 02:05:23.076,0.74406,0.74424,1.00,1.57
2017.12.01 02:05:23.597,0.74406,0.74424,1.87,1.00
2017.12.01 02:05:24.103,0.74406,0.74424,1.00,1.45
2017.12.01 02:05:24.485,0.74404,0.7442,1.87,1.00
2017.12.01 02:05:24.801,0.74401,0.74417,1.00,1.00
2017.12.01 02:05:25.105,0.744,0.74413,1.00,1.00
2017.12.01 02:05:25.306,0.74399,0.74415,1.00,1.00
2017.12.01 02:05:26.088,0.744,0.74415,1.00,1.10
2017.12.01 02:05:30.238,0.744,0.74416,1.00,1.12
2017.12.01 02:05:32.151,0.744,0.74415,1.00,1.00
2017.12.01 02:05:32.558,0.74397,0.74415,1.87,1.00
2017.12.01 02:05:35.808,0.74396,0.74413,1.00,1.00
2017.12.01 02:05:36.441,0.74396,0.74414,1.00,1.12
2017.12.01 02:05:36.972,0.74394,0.74414,1.47,1.12
2017.12.01 02:05:38.078,0.74394,0.74414,1.00,1.85
2017.12.01 02:05:38.399,0.74392,0.7441,2.25,1.00
2017.12.01 02:05:40.041,0.74394,0.74412,1.00,1.12
2017.12.01 02:05:50.036,0.74396,0.74415,1.00,2.70
2017.12.01 02:05:55.600,0.74396,0.74413,1.00,1.37
2017.12.01 02:05:56.450,0.74395,0.74412,1.00,1.12
2017.12.01 02:05:56.791,0.74401,0.74419,1.50,1.75
2017.12.01 02:05:56.885,0.74401,0.74419,1.50,1.12
2017.12.01 02:05:57.944,0.74401,0.74419,1.57,1.12
2017.12.01 02:06:00.056,0.74403,0.7442,1.00,1.00
2017.12.01 02:06:00.982,0.74404,0.74421,1.50,1.12
2017.12.01 02:06:03.537,0.74402,0.7442,1.20,1.00
2017.12.01 02:06:03.589,0.74402,0.74418,1.20,1.00
2017.12.01 02:06:03.690,0.744,0.74418,1.87,1.00
2017.12.01 02:06:04.377,0.744,0.74416,1.00,1.00
2017.12.01 02:06:06.386,0.74399,0.74416,1.57,1.00
2017.12.01 02:06:08.354,0.74398,0.74416,1.95,1.00
2017.12.01 02:06:08.867,0.74398,0.74416,1.50,1.50
2017.12.01 02:06:10.222,0.74398,0.74416,1.87,1.00
2017.12.01 02:06:14.444,0.74397,0.74417,1.57,1.50
2017.12.01 02:06:15.262,0.74398,0.74417,1.00,1.10
2017.12.01 02:06:16.541,0.74398,0.74416,1.50,1.00
2017.12.01 02:06:16.918,0.74401,0.74419,1.87,1.00
2017.12.01 02:06:20.558,0.74403,0.74421,1.12,1.00
2017.12.01 02:06:20.862,0.744,0.74417,1.00,1.00
2017.12.01 02:06:21.683,0.74401,0.74419,1.00,1.00
2017.12.01 02:06:30.550,0.74401,0.74419,1.00,1.37
2017.12.01 02:06:32.731,0.74402,0.7442,1.12,1.00
2017.12.01 02:06:34.122,0.74403,0.74421,1.00,1.75
2017.12.01 02:06:34.173,0.74401,0.74419,1.57,1.12
2017.12.01 02:06:38.502,0.74402,0.74419,1.00,1.12
2017.12.01 02:06:41.431,0.744,0.7442,2.32,1.00
2017.12.01 02:06:44.452,0.74401,0.74419,1.00,1.00
2017.12.01 02:06:45.016,0.744,0.74417,1.50,1.12
2017.12.01 02:06:45.126,0.74401,0.74419,1.00,1.00
2017.12.01 02:06:58.761,0.74399,0.74417,1.00,1.12
2017.12.01 02:07:00.150,0.744,0.74417,1.50,1.12
2017.12.01 02:07:00.459,0.74401,0.74419,1.50,1.00
2017.12.01 02:07:03.047,0.74399,0.74417,1.95,1.00
2017.12.01 02:07:03.627,0.74399,0.74417,1.00,1.75
2017.12.01 02:07:03.779,0.74394,0.74411,1.00,1.12
2017.12.01 02:07:03.881,0.74394,0.74409,1.00,1.00
2017.12.01 02:07:03.983,0.74394,0.74413,1.00,1.75
2017.12.01 02:07:04.086,0.74396,0.74414,1.00,1.75
2017.12.01 02:07:04.137,0.74396,0.74416,1.50,1.20
2017.12.01 02:07:04.189,0.74396,0.74413,2.25,1.00
2017.12.01 02:07:04.240,0.74397,0.74415,1.12,1.00
2017.12.01 02:07:04.716,0.74399,0.74417,1.50,1.57
2017.12.01 02:07:04.868,0.74397,0.74415,1.50,1.12
2017.12.01 02:07:04.919,0.74396,0.74413,1.12,1.00
2017.12.01 02:07:05.303,0.74393,0.74411,2.32,1.00
2017.12.01 02:07:06.073,0.74396,0.74414,1.00,1.50
2017.12.01 02:07:06.860,0.74396,0.74413,1.00,1.00
2017.12.01 02:07:07.568,0.74396,0.74411,1.00,1.00
2017.12.01 02:07:09.363,0.74394,0.74412,1.10,1.00
2017.12.01 02:07:09.990,0.74393,0.74411,1.50,1.12
2017.12.01 02:07:11.356,0.74393,0.74411,2.25,1.00
2017.12.01 02:07:12.114,0.74393,0.74411,1.50,1.12
2017.12.01 02:07:12.166,0.74394,0.74414,1.87,1.57
2017.12.01 02:07:12.419,0.74393,0.74411,2.25,1.00
2017.12.01 02:07:16.564,0.74393,0.74411,1.50,1.12
2017.12.01 02:07:21.644,0.74395,0.74411,1.00,1.00
2017.12.01 02:07:22.484,0.74395,0.74413,1.50,1.00
2017.12.01 02:07:23.068,0.74396,0.74414,1.87,1.00
2017.12.01 02:07:23.120,0.74399,0.74419,1.12,1.95
2017.12.01 02:07:24.645,0.744,0.74418,1.00,1.10
2017.12.01 02:07:26.093,0.74398,0.74416,1.00,1.00
2017.12.01 02:07:30.662,0.744,0.74418,1.00,1.00
2017.12.01 02:07:34.564,0.74402,0.7442,1.00,1.10
2017.12.01 02:07:35.652,0.744,0.74418,1.50,1.00
2017.12.01 02:07:38.790,0.74401,0.74418,1.00,1.00
2017.12.01 02:07:42.687,0.74403,0.74421,1.50,1.00
2017.12.01 02:07:43.135,0.744,0.74418,1.82,1.00
2017.12.01 02:07:43.186,0.74399,0.74417,2.25,1.00
2017.12.01 02:07:43.345,0.74401,0.7442,1.00,2.32
2017.12.01 02:07:44.807,0.74403,0.74419,1.00,1.12
2017.12.01 02:07:44.858,0.74401,0.74419,1.00,1.87
2017.12.01 02:07:45.010,0.74399,0.74417,1.00,1.87
2017.12.01 02:07:45.341,0.74401,0.74419,1.87,1.00
2017.12.01 02:07:47.898,0.74401,0.74418,1.00,1.00
2017.12.01 02:07:48.747,0.74401,0.74417,1.00,1.00
2017.12.01 02:07:53.701,0.744,0.74417,1.00,1.00
2017.12.01 02:07:55.543,0.74403,0.7442,1.00,1.20
2017.12.01 02:07:55.644,0.74404,0.74422,1.00,1.57
2017.12.01 02:07:55.758,0.74402,0.74419,1.50,1.00
2017.12.01 02:07:55.809,0.74401,0.74419,1.20,1.00
2017.12.01 02:08:00.902,0.744,0.7442,2.32,1.12
2017.12.01 02:08:02.078,0.74401,0.74419,1.12,1.00
2017.12.01 02:08:02.610,0.744,0.7442,3.07,1.12
2017.12.01 02:08:04.127,0.74401,0.74419,1.12,1.00
2017.12.01 02:08:04.386,0.74404,0.74422,1.00,1.20
2017.12.01 02:08:05.795,0.74401,0.7442,1.87,1.00
2017.12.01 02:08:07.072,0.74401,0.74421,1.87,1.20
2017.12.01 02:08:08.218,0.74402,0.7442,1.00,1.00
2017.12.01 02:08:09.716,0.74402,0.7442,1.00,1.87
2017.12.01 02:08:10.162,0.744,0.74418,2.62,1.00
2017.12.01 02:08:10.675,0.744,0.74418,1.50,1.50
2017.12.01 02:08:10.788,0.74398,0.74415,1.20,1.00
2017.12.01 02:08:11.041,0.74395,0.74413,1.95,1.00
2017.12.01 02:08:11.675,0.74395,0.74414,1.12,1.12
2017.12.01 02:08:12.266,0.74395,0.74413,1.87,1.00
2017.12.01 02:08:17.547,0.74395,0.74414,1.12,1.12
2017.12.01 02:08:22.376,0.74396,0.74414,1.00,1.12
2017.12.01 02:08:23.872,0.74396,0.74413,1.10,1.00
2017.12.01 02:08:24.471,0.74395,0.74413,1.12,1.00
2017.12.01 02:08:24.642,0.74394,0.74411,1.00,1.12
2017.12.01 02:08:25.218,0.74395,0.74412,1.00,1.12
2017.12.01 02:08:25.735,0.74394,0.74413,1.00,1.50
2017.12.01 02:08:26.107,0.74396,0.74413,1.00,1.00
2017.12.01 02:08:26.754,0.74395,0.74413,1.12,1.00
2017.12.01 02:08:27.232,0.74397,0.74415,1.00,2.25
2017.12.01 02:08:29.500,0.74396,0.74415,1.00,2.25
2017.12.01 02:08:30.048,0.74398,0.74416,1.00,1.12
2017.12.01 02:08:31.063,0.74399,0.74416,1.00,1.12
2017.12.01 02:08:32.526,0.744,0.74416,1.00,1.00
2017.12.01 02:08:32.968,0.74401,0.74419,1.50,1.00
2017.12.01 02:08:34.247,0.74398,0.74416,1.50,1.12
2017.12.01 02:08:35.175,0.74397,0.74417,3.07,1.00
2017.12.01 02:08:35.784,0.744,0.74418,1.50,1.12
2017.12.01 02:08:39.567,0.74399,0.74419,1.87,1.50
2017.12.01 02:08:40.495,0.744,0.74419,1.10,1.50
2017.12.01 02:08:41.319,0.74402,0.7442,1.00,1.12
2017.12.01 02:08:46.857,0.74402,0.7442,1.87,1.00
2017.12.01 02:08:46.908,0.74404,0.74422,1.00,1.12
2017.12.01 02:08:48.357,0.74404,0.74422,1.50,1.00
2017.12.01 02:08:48.570,0.74406,0.74424,1.00,1.20
2017.12.01 02:08:48.621,0.74405,0.74422,1.12,1.00
2017.12.01 02:08:49.181,0.74406,0.74424,1.50,1.12
2017.12.01 02:08:49.333,0.74405,0.74422,1.87,1.00
2017.12.01 02:08:49.759,0.74406,0.74424,1.00,1.12
2017.12.01 02:08:52.058,0.74405,0.74422,1.12,1.00
2017.12.01 02:09:02.360,0.74403,0.74423,1.87,1.50
2017.12.01 02:09:04.622,0.74403,0.7442,1.12,1.00
2017.12.01 02:09:07.863,0.74403,0.74423,1.57,1.50
2017.12.01 02:09:07.915,0.74403,0.7442,1.10,1.00
2017.12.01 02:09:11.072,0.74402,0.7442,1.57,1.12
2017.12.01 02:09:16.323,0.74398,0.74416,1.50,1.00
2017.12.01 02:09:16.654,0.74396,0.74414,1.00,1.12
2017.12.01 02:09:17.008,0.74395,0.74411,1.95,1.00
2017.12.01 02:09:17.131,0.74395,0.74414,1.95,1.12
2017.12.01 02:09:17.656,0.74396,0.74414,1.10,1.12
2017.12.01 02:09:18.358,0.74396,0.74413,1.10,1.00
2017.12.01 02:09:18.896,0.74396,0.74411,1.00,1.00
2017.12.01 02:09:20.415,0.74396,0.74413,1.00,1.00
2017.12.01 02:09:20.546,0.74396,0.74411,1.00,1.00
2017.12.01 02:09:24.390,0.74396,0.74412,1.00,1.12
2017.12.01 02:09:25.340,0.74395,0.74411,1.00,1.00
2017.12.01 02:09:29.994,0.74394,0.74411,1.00,1.00
2017.12.01 02:09:33.286,0.74395,0.74411,1.00,1.00
2017.12.01 02:09:33.337,0.74393,0.74411,1.87,1.50
2017.12.01 02:09:33.641,0.74395,0.74413,1.00,1.12
2017.12.01 02:09:33.963,0.74394,0.7441,1.00,1.00
2017.12.01 02:09:34.284,0.74391,0.74408,1.57,1.00
2017.12.01 02:09:34.605,0.74393,0.7441,1.00,1.12
2017.12.01 02:09:34.859,0.74392,0.74408,1.10,1.00
2017.12.01 02:09:35.388,0.74391,0.74408,1.20,1.00
2017.12.01 02:09:35.900,0.7439,0.74409,1.10,1.50
2017.12.01 02:09:36.239,0.7439,0.74406,1.00,1.00
2017.12.01 02:09:37.801,0.7439,0.74409,1.57,1.50
2017.12.01 02:09:38.325,0.7439,0.74408,2.32,1.00
2017.12.01 02:09:38.829,0.7439,0.74408,1.50,1.12
2017.12.01 02:09:39.145,0.7439,0.74406,1.00,1.00
2017.12.01 02:09:39.402,0.7439,0.74408,1.50,1.12
2017.12.01 02:09:39.453,0.7439,0.74406,1.00,1.00
2017.12.01 02:09:39.648,0.7439,0.74409,1.10,1.50
2017.12.01 02:09:39.699,0.7439,0.74406,1.10,1.00
2017.12.01 02:09:39.750,0.7439,0.74408,1.50,1.12
2017.12.01 02:09:39.851,0.7439,0.74406,1.00,1.00
2017.12.01 02:09:39.952,0.74391,0.74409,1.00,1.50
2017.12.01 02:09:40.319,0.74389,0.74409,1.95,1.50
2017.12.01 02:09:40.370,0.74389,0.74406,1.20,1.00
2017.12.01 02:09:40.627,0.74389,0.74409,1.95,1.50
2017.12.01 02:09:41.257,0.74389,0.74406,1.20,1.00
2017.12.01 02:09:41.358,0.7439,0.74408,1.10,1.12
2017.12.01 02:09:42.138,0.74391,0.74408,1.00,1.12
2017.12.01 02:09:42.356,0.74391,0.74406,1.00,1.00
2017.12.01 02:09:42.806,0.7439,0.74408,1.50,1.12
2017.12.01 02:09:43.329,0.74391,0.74408,1.00,1.12
2017.12.01 02:09:45.194,0.74391,0.74407,1.00,1.00
2017.12.01 02:09:45.783,0.74391,0.74406,1.00,1.00
2017.12.01 02:09:46.648,0.74391,0.74408,1.00,1.12
2017.12.01 02:09:47.875,0.74393,0.7441,1.00,1.12
2017.12.01 02:09:49.752,0.74392,0.74409,1.00,1.00
2017.12.01 02:09:50.265,0.74391,0.74409,1.95,1.00
2017.12.01 02:09:51.171,0.74391,0.74409,1.50,1.37
2017.12.01 02:09:51.672,0.74391,0.74409,1.95,1.00
2017.12.01 02:09:52.392,0.74391,0.7441,1.20,1.87
2017.12.01 02:09:53.418,0.74391,0.74409,1.57,1.12
2017.12.01 02:09:53.722,0.74393,0.74411,1.00,1.37
2017.12.01 02:09:56.255,0.74392,0.74412,1.50,1.50
2017.12.01 02:09:58.992,0.74392,0.74409,1.00,1.00
2017.12.01 02:10:03.194,0.7439,0.74407,1.00,1.00
2017.12.01 02:10:03.502,0.74392,0.74409,1.00,1.00
2017.12.01 02:10:05.147,0.74392,0.7441,1.00,1.87
2017.12.01 02:10:08.082,0.74392,0.74409,1.00,1.00
2017.12.01 02:10:09.521,0.74392,0.7441,1.00,1.87
2017.12.01 02:10:10.386,0.74392,0.74407,1.00,1.00
2017.12.01 02:10:11.965,0.74392,0.74409,1.00,1.00
2017.12.01 02:10:13.024,0.74391,0.74409,1.87,1.00
2017.12.01 02:10:13.871,0.74391,0.7441,1.12,1.87
2017.12.01 02:10:14.168,0.74391,0.74407,1.00,1.00
2017.12.01 02:10:14.760,0.7439,0.74407,1.00,1.00
2017.12.01 02:10:17.333,0.74389,0.74407,1.12,1.00
2017.12.01 02:10:17.636,0.74386,0.74402,1.00,1.00
2017.12.01 02:10:17.839,0.74381,0.74398,1.10,1.00
2017.12.01 02:10:18.142,0.74378,0.74397,1.20,1.12
2017.12.01 02:10:18.357,0.7438,0.74397,1.50,1.12
2017.12.01 02:10:18.954,0.7438,0.74396,1.50,1.00
2017.12.01 02:10:19.614,0.74377,0.74394,1.50,1.00
2017.12.01 02:10:19.665,0.74378,0.74396,1.87,1.00
2017.12.01 02:10:25.654,0.74377,0.74394,1.10,1.00
2017.12.01 02:10:26.093,0.74376,0.74392,1.00,1.00
2017.12.01 02:10:26.447,0.74374,0.74391,1.50,1.12
2017.12.01 02:10:26.963,0.74375,0.7439,1.00,1.00
2017.12.01 02:10:27.014,0.74375,0.74392,2.25,1.00
2017.12.01 02:10:30.887,0.74376,0.74394,1.50,1.37
2017.12.01 02:10:30.988,0.74378,0.74394,1.00,1.37
2017.12.01 02:10:31.870,0.74378,0.74394,1.00,1.00
2017.12.01 02:10:31.971,0.74379,0.74397,1.00,1.50
2017.12.01 02:10:32.073,0.74377,0.74394,1.10,1.12
2017.12.01 02:10:32.397,0.74379,0.74394,1.00,1.12
2017.12.01 02:10:32.499,0.74379,0.74396,1.00,1.12
2017.12.01 02:10:32.550,0.74377,0.74394,1.12,1.00
2017.12.01 02:10:32.931,0.74378,0.74396,1.00,1.00
2017.12.01 02:10:34.849,0.74378,0.74395,1.00,1.00
2017.12.01 02:10:34.951,0.74376,0.74394,1.50,1.00
2017.12.01 02:10:35.667,0.74375,0.74393,1.10,1.00
2017.12.01 02:10:36.181,0.74376,0.74394,1.95,1.00
2017.12.01 02:10:39.323,0.74374,0.74391,1.00,1.00
2017.12.01 02:10:39.578,0.74376,0.74394,1.00,1.12
2017.12.01 02:10:40.360,0.74378,0.74396,1.50,1.00
2017.12.01 02:10:40.754,0.7438,0.74399,1.00,1.57
2017.12.01 02:10:41.266,0.74381,0.74398,1.00,1.12
2017.12.01 02:10:41.810,0.74382,0.74399,1.00,1.00
2017.12.01 02:10:44.280,0.74383,0.74399,1.00,1.00
2017.12.01 02:10:44.331,0.74385,0.74403,1.00,1.45
2017.12.01 02:10:44.597,0.74383,0.74399,1.00,1.50
2017.12.01 02:10:44.648,0.74381,0.74398,1.57,1.12
2017.12.01 02:10:44.699,0.74383,0.744,1.00,1.12
2017.12.01 02:10:45.002,0.74383,0.74398,1.00,1.12
2017.12.01 02:10:45.205,0.74381,0.74398,1.00,1.12
2017.12.01 02:10:45.939,0.7438,0.74398,1.50,1.12
2017.12.01 02:10:46.604,0.74381,0.74398,1.00,1.00
2017.12.01 02:10:46.756,0.74382,0.744,1.00,1.00
2017.12.01 02:10:46.806,0.74381,0.74398,1.00,1.00
2017.12.01 02:10:47.184,0.74382,0.744,1.00,1.57
2017.12.01 02:10:47.685,0.74381,0.74399,1.00,1.00
2017.12.01 02:10:48.205,0.74381,0.74398,1.00,1.00
2017.12.01 02:10:48.266,0.74382,0.744,1.00,1.00
2017.12.01 02:10:48.317,0.74381,0.74398,1.00,1.00
2017.12.01 02:10:48.724,0.74382,0.744,1.00,1.00
2017.12.01 02:10:48.775,0.74381,0.74398,1.00,1.00
2017.12.01 02:10:49.553,0.74382,0.74398,1.00,1.00
2017.12.01 02:10:49.604,0.74382,0.744,1.57,1.00
2017.12.01 02:10:50.117,0.74382,0.74398,1.10,1.00
2017.12.01 02:10:50.167,0.74382,0.744,1.57,1.00
2017.12.01 02:10:51.163,0.74383,0.744,1.00,1.00
2017.12.01 02:10:55.043,0.74383,0.74401,1.00,1.00
2017.12.01 02:10:56.747,0.74383,0.744,1.00,1.00
2017.12.01 02:10:59.493,0.74384,0.744,1.00,1.12
2017.12.01 02:11:03.739,0.74384,0.74402,1.50,1.00
2017.12.01 02:11:05.666,0.74384,0.74403,1.00,2.25
2017.12.01 02:11:05.769,0.74383,0.744,1.50,1.00
2017.12.01 02:11:06.308,0.74382,0.744,1.87,1.00
2017.12.01 02:11:07.150,0.74382,0.74402,1.87,1.57
2017.12.01 02:11:07.711,0.74383,0.74401,1.00,1.12
2017.12.01 02:11:08.465,0.74382,0.744,1.00,1.87
2017.12.01 02:11:22.779,0.74382,0.74399,1.00,1.00
2017.12.01 02:11:24.802,0.74379,0.74396,1.00,1.00
2017.12.01 02:11:26.871,0.74378,0.74397,1.12,1.12
2017.12.01 02:11:31.131,0.74378,0.74396,1.87,1.00
2017.12.01 02:11:34.858,0.7438,0.74396,1.00,1.00
2017.12.01 02:11:42.826,0.7438,0.74397,1.00,1.00
2017.12.01 02:11:46.984,0.74381,0.74399,1.00,1.00
2017.12.01 02:11:47.363,0.74383,0.74399,1.00,1.00
2017.12.01 02:11:48.986,0.74382,0.74399,1.10,1.00
2017.12.01 02:11:55.480,0.74381,0.74399,1.57,1.00
2017.12.01 02:12:00.108,0.74381,0.74399,1.00,1.37
2017.12.01 02:12:00.209,0.74379,0.74397,2.62,1.00
2017.12.01 02:12:00.610,0.74383,0.74399,1.00,1.00
2017.12.01 02:12:00.713,0.74385,0.74403,1.50,1.12
2017.12.01 02:12:01.158,0.74387,0.74405,1.00,1.50
2017.12.01 02:12:01.497,0.74387,0.74403,1.00,1.00
2017.12.01 02:12:01.692,0.74385,0.74403,1.95,1.00
2017.12.01 02:12:06.041,0.74386,0.74403,1.00,1.00
2017.12.01 02:12:06.092,0.74387,0.74405,1.12,1.10
2017.12.01 02:12:07.811,0.74388,0.74406,1.00,1.87
2017.12.01 02:12:10.086,0.74389,0.74406,1.00,1.00
2017.12.01 02:12:10.426,0.74387,0.74405,1.50,1.00
2017.12.01 02:12:10.629,0.74389,0.74406,1.00,1.00
2017.12.01 02:12:11.164,0.74388,0.74408,1.50,1.85
2017.12.01 02:12:11.468,0.74387,0.74403,1.00,1.12
2017.12.01 02:12:12.624,0.74386,0.74403,1.00,1.12
2017.12.01 02:12:13.476,0.74385,0.74403,1.50,1.12
2017.12.01 02:12:13.802,0.74384,0.74401,1.00,1.50
2017.12.01 02:12:15.462,0.74384,0.74399,1.00,1.00
2017.12.01 02:12:15.564,0.74382,0.74399,1.57,1.00
2017.12.01 02:12:16.519,0.74383,0.74399,1.10,1.00
2017.12.01 02:12:20.076,0.74383,0.74401,1.50,1.50
2017.12.01 02:12:21.393,0.74384,0.74401,1.00,1.00
2017.12.01 02:12:21.970,0.74384,0.74402,1.00,1.12
2017.12.01 02:12:23.873,0.74385,0.74401,1.00,1.00
2017.12.01 02:12:25.660,0.74384,0.74401,1.00,1.00
2017.12.01 02:12:26.638,0.74385,0.74403,1.50,1.50
2017.12.01 02:12:28.488,0.74385,0.74403,1.87,1.00
2017.12.01 02:12:31.353,0.74386,0.74403,1.00,1.00
2017.12.01 02:12:31.733,0.74388,0.74406,1.12,1.00
2017.12.01 02:12:32.730,0.74387,0.74405,1.50,1.00
2017.12.01 02:12:33.830,0.74388,0.74405,1.00,1.00
2017.12.01 02:12:35.068,0.74387,0.74405,1.50,1.12
2017.12.01 02:12:35.884,0.74388,0.74405,1.00,1.12
2017.12.01 02:12:36.323,0.74388,0.74407,1.00,1.00
2017.12.01 02:12:36.627,0.74386,0.74406,1.95,1.50
2017.12.01 02:12:37.141,0.74388,0.74405,1.00,1.12
2017.12.01 02:12:37.697,0.74387,0.74405,1.50,1.12
2017.12.01 02:12:38.311,0.74389,0.74406,1.00,1.00
2017.12.01 02:12:38.840,0.74389,0.74407,1.00,1.87
2017.12.01 02:12:40.308,0.74389,0.74406,1.00,1.00
2017.12.01 02:12:41.198,0.74388,0.74408,1.95,1.37
2017.12.01 02:12:41.544,0.7439,0.7441,3.07,1.12
2017.12.01 02:12:42.740,0.74391,0.74409,1.20,1.00
2017.12.01 02:12:43.970,0.7439,0.7441,3.07,1.12
2017.12.01 02:12:44.235,0.7439,0.7441,3.07,1.00
2017.12.01 02:12:44.286,0.74392,0.74412,1.50,1.20
2017.12.01 02:12:46.268,0.74393,0.74411,1.12,1.00
2017.12.01 02:12:47.205,0.74392,0.74412,1.57,1.12
2017.12.01 02:12:48.302,0.74393,0.74411,1.12,1.00
2017.12.01 02:12:58.503,0.74393,0.74411,1.20,1.00
2017.12.01 02:12:59.629,0.74393,0.74411,1.20,1.00
2017.12.01 02:13:02.457,0.74392,0.7441,1.87,1.00
2017.12.01 02:13:02.964,0.74392,0.74409,1.12,1.00
2017.12.01 02:13:03.580,0.74393,0.7441,1.00,1.00
2017.12.01 02:13:03.933,0.74394,0.74412,1.87,1.00
2017.12.01 02:13:05.303,0.74395,0.74412,1.00,1.00
2017.12.01 02:13:08.365,0.74397,0.74415,1.00,1.50
2017.12.01 02:13:09.539,0.74396,0.74415,1.12,1.00
2017.12.01 02:13:10.246,0.74397,0.74415,1.00,1.00
2017.12.01 02:13:10.398,0.74399,0.74417,1.12,1.00
2017.12.01 02:13:10.717,0.74401,0.74419,1.12,1.00
2017.12.01 02:13:12.272,0.74399,0.74417,1.20,1.00
2017.12.01 02:13:14.858,0.74399,0.74416,1.00,1.00
2017.12.01 02:13:14.909,0.74396,0.74414,1.50,1.00
2017.12.01 02:13:27.271,0.74394,0.74412,1.57,1.00
2017.12.01 02:13:27.546,0.74392,0.7441,1.00,1.12
2017.12.01 02:13:28.144,0.74393,0.7441,1.00,1.12
2017.12.01 02:13:28.296,0.74391,0.74411,1.95,1.37
2017.12.01 02:13:28.651,0.74391,0.74411,2.32,1.00
2017.12.01 02:13:36.678,0.74391,0.74411,2.32,1.37
2017.12.01 02:13:37.149,0.7439,0.74408,1.50,1.00
2017.12.01 02:13:37.456,0.74389,0.74409,1.00,1.50
2017.12.01 02:13:37.626,0.7439,0.74409,1.57,1.00
2017.12.01 02:13:38.162,0.74391,0.74411,1.95,1.50
2017.12.01 02:13:40.802,0.74392,0.7441,1.00,1.12
2017.12.01 02:13:42.354,0.74391,0.7441,1.12,1.12
2017.12.01 02:13:43.017,0.74392,0.7441,1.00,1.87
2017.12.01 02:13:43.531,0.74392,0.74409,1.00,1.00
2017.12.01 02:13:44.660,0.74392,0.7441,1.00,1.87
2017.12.01 02:13:45.217,0.74392,0.7441,1.37,1.50
2017.12.01 02:13:45.795,0.7439,0.74408,1.00,1.87
2017.12.01 02:13:46.354,0.74389,0.74404,1.00,1.00
2017.12.01 02:13:46.405,0.74386,0.74404,1.57,1.00
2017.12.01 02:13:46.657,0.74386,0.74403,1.00,2.25
2017.12.01 02:13:46.708,0.74383,0.744,1.00,1.00
2017.12.01 02:13:46.759,0.7438,0.74398,1.00,1.12
2017.12.01 02:13:46.860,0.74383,0.74397,1.00,1.00
2017.12.01 02:13:47.241,0.7438,0.74394,1.00,1.00
2017.12.01 02:13:49.289,0.7438,0.74396,1.00,1.00
2017.12.01 02:13:50.820,0.7438,0.74395,1.00,1.50
2017.12.01 02:13:50.871,0.74378,0.74394,1.00,1.12
2017.12.01 02:13:52.442,0.74377,0.74394,1.00,1.87
2017.12.01 02:13:52.960,0.74378,0.74394,1.00,1.87
2017.12.01 02:13:55.521,0.74378,0.74396,1.50,2.62
2017.12.01 02:13:56.045,0.74378,0.74396,1.50,2.25
2017.12.01 02:13:59.927,0.74378,0.74395,2.25,1.00
2017.12.01 02:14:03.925,0.74378,0.74393,1.50,1.00
2017.12.01 02:14:04.911,0.74378,0.74393,1.50,1.00
2017.12.01 02:14:06.332,0.74377,0.74393,1.50,1.00
2017.12.01 02:14:07.601,0.74378,0.74394,1.50,1.00
2017.12.01 02:14:11.974,0.74378,0.74393,1.50,1.00
2017.12.01 02:14:16.712,0.7438,0.74393,1.00,1.00
2017.12.01 02:14:16.763,0.7438,0.74396,1.00,1.00
2017.12.01 02:14:18.213,0.74381,0.74397,1.12,1.00
2017.12.01 02:14:28.768,0.74383,0.74399,1.00,1.10
2017.12.01 02:14:29.365,0.74382,0.74398,1.00,1.00
2017.12.01 02:14:29.416,0.74383,0.744,1.12,1.10
2017.12.01 02:14:29.519,0.74385,0.74401,1.00,1.10
2017.12.01 02:14:31.601,0.74384,0.74401,1.00,1.00
2017.12.01 02:14:36.019,0.74385,0.74401,1.00,1.00
2017.12.01 02:14:42.051,0.74384,0.74401,1.00,1.50
2017.12.01 02:14:42.631,0.74385,0.74401,1.00,1.50
2017.12.01 02:14:43.302,0.74385,0.74403,1.95,1.50
2017.12.01 02:14:46.272,0.74384,0.744,1.00,1.00
2017.12.01 02:14:46.424,0.74381,0.74399,1.20,1.00
2017.12.01 02:14:48.006,0.74381,0.74398,1.12,1.00
2017.12.01 02:14:48.158,0.74379,0.74397,1.50,1.00
2017.12.01 02:14:48.411,0.74385,0.74398,1.00,1.00
2017.12.01 02:14:51.862,0.7438,0.74398,1.57,1.00
2017.12.01 02:14:54.399,0.7438,0.74399,1.50,1.50
2017.12.01 02:14:57.507,0.7438,0.74398,1.50,1.00
2017.12.01 02:15:01.588,0.74385,0.74401,1.00,1.45
2017.12.01 02:15:01.945,0.74387,0.74402,1.00,1.00
2017.12.01 02:15:02.144,0.74387,0.74404,1.00,1.10
2017.12.01 02:15:03.128,0.74386,0.74404,1.87,1.50
2017.12.01 02:15:03.348,0.74386,0.74404,1.00,2.32
2017.12.01 02:15:03.652,0.74385,0.74401,1.00,1.50
2017.12.01 02:15:15.882,0.74382,0.744,1.00,1.87
2017.12.01 02:15:15.933,0.74384,0.744,1.00,1.87
2017.12.01 02:15:15.990,0.74382,0.744,1.10,1.87
2017.12.01 02:15:17.736,0.74382,0.74399,1.00,1.00
2017.12.01 02:15:18.416,0.7438,0.74399,1.95,1.00
2017.12.01 02:15:19.074,0.74381,0.74398,1.12,1.00
2017.12.01 02:15:19.642,0.74381,0.74399,1.12,1.50
2017.12.01 02:15:20.338,0.74382,0.74399,1.00,1.00
2017.12.01 02:15:20.964,0.74382,0.744,1.10,1.12
2017.12.01 02:15:21.015,0.74385,0.744,1.00,1.12
2017.12.01 02:15:21.116,0.74382,0.74399,1.00,1.00
2017.12.01 02:15:22.121,0.74383,0.74398,1.00,1.00
2017.12.01 02:15:24.972,0.74382,0.74398,1.00,1.00
2017.12.01 02:15:25.525,0.74383,0.74398,1.00,1.00
2017.12.01 02:15:26.586,0.74382,0.74398,1.00,1.00
2017.12.01 02:15:27.228,0.74383,0.74398,1.00,1.00
2017.12.01 02:15:28.743,0.74383,0.74399,1.00,1.00
2017.12.01 02:15:31.084,0.74383,0.74401,1.00,3.00
2017.12.01 02:15:40.448,0.74384,0.74401,1.00,1.50
2017.12.01 02:15:43.272,0.74382,0.744,1.47,1.00
2017.12.01 02:15:43.475,0.74382,0.74398,1.00,1.12
2017.12.01 02:15:45.110,0.7438,0.74398,1.57,1.00
2017.12.01 02:15:45.621,0.74382,0.74399,1.50,1.00
2017.12.01 02:15:57.710,0.74381,0.74399,1.95,1.00
2017.12.01 02:16:00.676,0.74382,0.74399,1.00,1.00
2017.12.01 02:16:02.826,0.74381,0.74399,1.50,1.50
2017.12.01 02:16:07.733,0.74382,0.74399,1.00,1.50
2017.12.01 02:16:11.856,0.74381,0.74399,1.50,1.50
2017.12.01 02:16:13.071,0.74382,0.74399,1.00,1.50
2017.12.01 02:16:16.863,0.74381,0.74399,1.50,1.00
2017.12.01 02:16:18.138,0.74382,0.74399,1.10,1.00
2017.12.01 02:16:24.845,0.74381,0.74399,1.87,1.50
2017.12.01 02:16:30.654,0.74379,0.74397,1.95,1.00
2017.12.01 02:16:30.958,0.74374,0.74393,1.00,1.50
2017.12.01 02:16:31.280,0.74375,0.74391,1.00,1.37
2017.12.01 02:16:31.333,0.74373,0.74391,1.00,1.87
2017.12.01 02:16:33.991,0.74375,0.74391,1.00,2.62
2017.12.01 02:16:35.741,0.74373,0.74391,1.00,2.70
2017.12.01 02:16:45.616,0.74375,0.74391,1.00,2.70
2017.12.01 02:16:46.135,0.74373,0.74391,1.00,2.70
2017.12.01 02:16:52.246,0.74375,0.74391,1.00,2.70
2017.12.01 02:16:54.899,0.74375,0.74391,1.00,1.50
2017.12.01 02:16:55.522,0.74371,0.74389,1.00,1.50
2017.12.01 02:16:55.573,0.74371,0.74387,1.00,1.50
2017.12.01 02:16:55.725,0.74366,0.74384,1.00,1.50
2017.12.01 02:16:55.826,0.74369,0.74384,1.00,1.50
2017.12.01 02:16:55.928,0.74369,0.74386,1.00,2.25
2017.12.01 02:16:57.071,0.7437,0.74386,1.00,1.00
2017.12.01 02:16:57.173,0.7437,0.74388,1.87,1.50
2017.12.01 02:16:58.043,0.7437,0.74386,1.00,1.00
2017.12.01 02:16:58.715,0.74368,0.74384,1.12,1.00
2017.12.01 02:16:59.389,0.74365,0.74384,2.25,1.00
2017.12.01 02:17:04.491,0.74367,0.74387,2.32,1.87
2017.12.01 02:17:04.593,0.74366,0.74384,1.10,1.00
2017.12.01 02:17:09.438,0.74368,0.74384,1.00,1.00
2017.12.01 02:17:09.489,0.74366,0.74383,1.00,1.00
2017.12.01 02:17:10.015,0.74366,0.74384,1.00,1.00
2017.12.01 02:17:11.160,0.74365,0.74385,2.32,1.50
2017.12.01 02:17:13.075,0.74365,0.74383,2.25,1.00
2017.12.01 02:17:13.388,0.74356,0.74374,1.00,1.87
2017.12.01 02:17:13.702,0.74355,0.74372,1.00,1.12
2017.12.01 02:17:14.250,0.74357,0.74374,1.10,1.00
2017.12.01 02:17:14.402,0.74358,0.74376,1.20,1.00
2017.12.01 02:17:15.763,0.74358,0.74376,1.20,1.00
2017.12.01 02:17:16.347,0.74358,0.74376,1.12,1.00
2017.12.01 02:17:17.544,0.74357,0.74375,1.07,1.12
2017.12.01 02:17:17.646,0.74355,0.74373,2.70,1.00
2017.12.01 02:17:17.747,0.74355,0.74373,1.57,1.12
2017.12.01 02:17:18.258,0.74355,0.74372,1.00,1.00
2017.12.01 02:17:18.764,0.74352,0.7437,1.57,1.00
2017.12.01 02:17:18.815,0.74352,0.7437,1.12,1.00
2017.12.01 02:17:19.388,0.74352,0.7437,1.20,1.00
2017.12.01 02:17:19.568,0.74351,0.74367,1.45,1.00
2017.12.01 02:17:19.619,0.74351,0.74371,1.57,1.87
2017.12.01 02:17:19.720,0.7435,0.74367,1.20,1.00
2017.12.01 02:17:19.822,0.74351,0.74369,1.20,1.00
2017.12.01 02:17:20.432,0.7435,0.7437,2.32,1.87
2017.12.01 02:17:20.534,0.74352,0.7437,1.57,1.00
2017.12.01 02:17:20.837,0.74354,0.74372,1.50,1.12
2017.12.01 02:17:21.612,0.74354,0.74372,2.25,1.00
2017.12.01 02:17:22.092,0.74356,0.74374,1.00,1.12
2017.12.01 02:17:23.291,0.74358,0.74376,1.00,1.75
2017.12.01 02:17:23.477,0.74357,0.74377,1.57,2.25
2017.12.01 02:17:23.631,0.74355,0.74374,3.07,1.00
2017.12.01 02:17:24.272,0.74355,0.74372,1.10,1.00
2017.12.01 02:17:24.910,0.74355,0.74372,1.07,1.00
2017.12.01 02:17:25.775,0.74355,0.74372,1.10,1.00
2017.12.01 02:17:26.363,0.74353,0.74371,1.07,1.00
2017.12.01 02:17:26.906,0.74353,0.74371,1.10,1.00
2017.12.01 02:17:28.593,0.74355,0.74371,1.00,1.00
2017.12.01 02:17:28.643,0.74353,0.74371,1.10,1.00
2017.12.01 02:17:28.694,0.74355,0.74371,1.00,1.00
2017.12.01 02:17:28.891,0.74353,0.74371,1.10,1.00
2017.12.01 02:17:33.123,0.74355,0.74371,1.00,1.00
2017.12.01 02:17:33.455,0.74355,0.74374,1.00,1.87
2017.12.01 02:17:33.657,0.74355,0.74371,1.00,1.00
2017.12.01 02:17:33.785,0.74355,0.74373,1.50,1.12
2017.12.01 02:17:33.948,0.74355,0.74371,1.00,1.00
2017.12.01 02:17:36.184,0.74351,0.74367,1.00,1.00
2017.12.01 02:17:36.786,0.74349,0.74367,1.00,1.20
2017.12.01 02:17:37.784,0.74349,0.74367,1.00,1.20
2017.12.01 02:17:37.945,0.74347,0.74365,1.00,1.12
2017.12.01 02:17:38.462,0.74349,0.74365,1.00,1.00
2017.12.01 02:17:38.616,0.74347,0.74365,1.12,1.00
2017.12.01 02:17:38.718,0.7435,0.74365,1.00,1.00
2017.12.01 02:17:41.291,0.74347,0.74365,1.12,1.50
2017.12.01 02:17:41.342,0.74349,0.74365,1.00,1.87
2017.12.01 02:17:42.791,0.74349,0.74363,1.00,1.00
2017.12.01 02:17:43.803,0.74349,0.74361,1.00,1.00
2017.12.01 02:17:44.032,0.74345,0.74361,1.50,1.00
2017.12.01 02:17:51.602,0.74347,0.74362,1.00,1.00
2017.12.01 02:17:51.904,0.74345,0.74362,1.50,1.12
2017.12.01 02:17:52.595,0.74347,0.74365,1.00,1.57
2017.12.01 02:17:52.747,0.7435,0.74365,1.00,1.50
2017.12.01 02:17:53.037,0.74347,0.74365,1.00,1.50
2017.12.01 02:17:56.915,0.7435,0.74365,1.00,1.00
2017.12.01 02:17:56.966,0.74351,0.74367,1.00,1.00
2017.12.01 02:17:57.109,0.74351,0.74369,1.07,1.12
2017.12.01 02:17:57.160,0.74354,0.74372,1.00,1.57
2017.12.01 02:17:57.308,0.74354,0.74371,1.00,1.37
2017.12.01 02:17:57.360,0.74351,0.74369,1.12,1.00
2017.12.01 02:17:58.592,0.7435,0.7437,1.95,1.12
2017.12.01 02:18:01.889,0.74349,0.74367,1.57,1.00
2017.12.01 02:18:05.792,0.74349,0.74368,1.00,1.50
2017.12.01 02:18:05.843,0.74346,0.74366,1.95,1.12
2017.12.01 02:18:06.060,0.74345,0.74363,2.70,1.00
2017.12.01 02:18:06.908,0.74345,0.74364,1.95,1.12
2017.12.01 02:18:09.243,0.74345,0.74364,2.70,1.12
2017.12.01 02:18:10.336,0.74345,0.74364,2.70,1.12
2017.12.01 02:18:10.750,0.74348,0.74366,1.00,1.00
2017.12.01 02:18:14.302,0.74347,0.74367,1.87,1.20
2017.12.01 02:18:15.511,0.74348,0.74366,1.00,1.00
2017.12.01 02:18:16.008,0.74346,0.74364,1.00,1.00
2017.12.01 02:18:28.099,0.74346,0.74364,1.37,1.00
2017.12.01 02:18:30.265,0.74345,0.74364,1.50,1.50
2017.12.01 02:18:32.188,0.74344,0.74364,1.20,2.25
2017.12.01 02:18:32.718,0.74345,0.74363,1.00,1.12
2017.12.01 02:18:32.769,0.74343,0.74361,1.00,1.00
2017.12.01 02:18:39.111,0.74345,0.74363,1.00,1.00
2017.12.01 02:18:42.775,0.74345,0.74363,1.50,1.95
2017.12.01 02:18:43.982,0.74345,0.74361,1.00,1.00
2017.12.01 02:18:44.096,0.74343,0.74361,1.00,1.00
2017.12.01 02:18:46.117,0.74344,0.74361,1.00,1.00
2017.12.01 02:18:46.602,0.74344,0.74364,1.87,1.57
2017.12.01 02:18:47.194,0.74345,0.74363,1.00,1.12
2017.12.01 02:18:49.838,0.74344,0.74361,1.00,1.50
2017.12.01 02:18:49.940,0.7434,0.74358,1.00,1.12
2017.12.01 02:18:51.093,0.74337,0.74355,1.57,1.12
2017.12.01 02:18:55.518,0.74339,0.74355,1.00,1.00
2017.12.01 02:18:59.411,0.74339,0.74353,1.00,1.00
2017.12.01 02:18:59.800,0.74339,0.74351,1.00,1.00
2017.12.01 02:19:03.448,0.74338,0.74351,1.00,1.00
2017.12.01 02:19:03.499,0.74338,0.74353,1.00,1.50
2017.12.01 02:19:03.550,0.74336,0.74351,1.50,1.00
2017.12.01 02:19:04.198,0.74337,0.74351,1.00,1.00
2017.12.01 02:19:04.614,0.74337,0.74354,1.10,1.12
2017.12.01 02:19:04.669,0.74339,0.74354,1.00,1.12
2017.12.01 02:19:05.644,0.74338,0.74354,1.00,1.12
2017.12.01 02:19:06.953,0.74337,0.74354,1.10,1.12
2017.12.01 02:19:08.230,0.74336,0.74354,1.50,1.75
2017.12.01 02:19:09.749,0.74336,0.74354,1.50,1.00
2017.12.01 02:19:09.936,0.74336,0.74354,1.50,1.75
2017.12.01 02:19:19.557,0.74336,0.74354,1.57,1.75
2017.12.01 02:19:19.713,0.74338,0.74356,2.32,1.37
2017.12.01 02:19:19.764,0.7434,0.74358,1.00,3.75
2017.12.01 02:19:19.815,0.74336,0.74354,2.32,1.00
2017.12.01 02:19:20.201,0.74337,0.74352,1.00,1.12
2017.12.01 02:19:20.874,0.74337,0.74351,1.00,1.00
2017.12.01 02:19:26.295,0.74337,0.74353,1.00,1.50
2017.12.01 02:19:27.013,0.74337,0.74354,1.57,1.00
2017.12.01 02:19:28.792,0.74339,0.74354,1.00,1.00
2017.12.01 02:19:29.046,0.74337,0.74354,1.00,1.00
2017.12.01 02:19:29.584,0.74337,0.74354,1.07,1.00
2017.12.01 02:19:30.628,0.74339,0.74354,1.00,1.00
2017.12.01 02:19:30.922,0.7434,0.74356,1.00,1.00
2017.12.01 02:19:31.790,0.74339,0.74356,1.00,1.00
2017.12.01 02:19:32.365,0.74339,0.74356,1.07,1.00
2017.12.01 02:19:33.575,0.74341,0.74356,1.00,1.00
2017.12.01 02:19:33.628,0.74344,0.74359,1.00,1.00
2017.12.01 02:19:33.680,0.74344,0.74361,1.10,1.50
2017.12.01 02:19:34.227,0.74343,0.74361,1.95,1.00
2017.12.01 02:19:34.348,0.74343,0.74361,1.57,1.00
2017.12.01 02:19:34.892,0.74344,0.74361,1.10,1.00
2017.12.01 02:19:34.943,0.74344,0.74359,1.10,1.00
2017.12.01 02:19:35.444,0.74343,0.74359,1.00,1.50
2017.12.01 02:19:35.854,0.7434,0.74357,1.10,1.00
2017.12.01 02:19:36.400,0.74341,0.74358,1.57,1.12
2017.12.01 02:19:37.101,0.74341,0.74358,1.57,1.12
2017.12.01 02:19:37.635,0.74342,0.74357,1.00,1.00
2017.12.01 02:19:38.108,0.7434,0.74357,1.10,1.00
2017.12.01 02:19:38.557,0.74342,0.74357,1.00,1.00
2017.12.01 02:19:39.559,0.74341,0.7436,1.10,2.25
2017.12.01 02:19:39.918,0.74341,0.7436,1.10,1.00
2017.12.01 02:19:41.921,0.74341,0.74359,1.57,1.37
2017.12.01 02:19:42.796,0.74341,0.74359,1.00,1.00
2017.12.01 02:19:43.098,0.74344,0.74359,1.00,1.00
2017.12.01 02:19:43.371,0.74342,0.74359,1.10,1.00
2017.12.01 02:19:46.412,0.74341,0.74359,1.00,1.00
2017.12.01 02:19:47.058,0.7434,0.7436,1.87,1.12
2017.12.01 02:19:51.748,0.74341,0.74359,1.00,1.00
2017.12.01 02:19:53.681,0.74341,0.74361,1.57,1.37
2017.12.01 02:19:53.773,0.74341,0.74361,1.95,1.37
2017.12.01 02:19:54.078,0.74345,0.74363,1.57,1.00
2017.12.01 02:19:55.026,0.74345,0.74362,1.10,1.00
2017.12.01 02:19:55.561,0.74345,0.74363,1.10,1.75
2017.12.01 02:19:57.671,0.74345,0.74363,1.20,1.00
2017.12.01 02:19:59.262,0.74345,0.74363,1.20,1.00
2017.12.01 02:20:00.711,0.74345,0.74363,1.20,1.00
2017.12.01 02:20:01.509,0.74345,0.74363,1.10,1.37
2017.12.01 02:20:02.215,0.74345,0.74363,1.20,1.00
2017.12.01 02:20:02.754,0.74345,0.74363,2.32,1.00
2017.12.01 02:20:03.135,0.74345,0.74363,1.57,1.12
2017.12.01 02:20:04.914,0.74345,0.74364,1.20,1.12
2017.12.01 02:20:05.485,0.74345,0.74364,1.20,1.12
2017.12.01 02:20:05.792,0.74345,0.74364,1.10,1.37
2017.12.01 02:20:09.850,0.74345,0.74364,1.00,1.00
2017.12.01 02:20:11.366,0.74345,0.74364,1.00,1.85
2017.12.01 02:20:12.573,0.74345,0.74361,1.00,1.00
2017.12.01 02:20:13.448,0.74344,0.74361,1.00,1.00
2017.12.01 02:20:16.616,0.74344,0.74361,1.00,1.37
2017.12.01 02:20:22.122,0.74344,0.74359,1.00,1.50
2017.12.01 02:20:23.732,0.74341,0.74359,1.00,1.50
2017.12.01 02:20:23.986,0.74337,0.74357,2.32,1.00
2017.12.01 02:20:24.036,0.74338,0.74357,1.00,1.75
2017.12.01 02:20:24.577,0.74339,0.74356,1.00,1.12
2017.12.01 02:20:29.386,0.7434,0.74358,1.50,1.50
2017.12.01 02:20:29.440,0.7434,0.74358,1.50,1.12
2017.12.01 02:20:30.530,0.74341,0.74358,1.00,1.00
2017.12.01 02:20:30.915,0.74341,0.74356,1.00,1.00
2017.12.01 02:20:32.657,0.7434,0.74356,1.00,1.00
2017.12.01 02:20:33.711,0.74341,0.74356,1.00,1.00
2017.12.01 02:20:33.966,0.74339,0.74356,1.00,1.00
2017.12.01 02:20:40.893,0.74338,0.74355,1.07,1.00
2017.12.01 02:20:40.947,0.74333,0.74349,1.10,1.00
2017.12.01 02:20:41.544,0.74331,0.74349,1.95,1.12
2017.12.01 02:20:44.105,0.74331,0.74349,1.57,1.12
2017.12.01 02:20:48.117,0.74331,0.74347,1.10,1.00
2017.12.01 02:20:48.308,0.74327,0.74346,1.45,1.00
2017.12.01 02:20:48.409,0.74327,0.74345,1.10,1.12
2017.12.01 02:20:48.561,0.74325,0.74343,1.10,1.00
2017.12.01 02:20:48.917,0.74329,0.74344,1.00,1.00
2017.12.01 02:20:48.968,0.74328,0.74348,2.25,1.20
2017.12.01 02:20:49.019,0.74328,0.74348,2.25,1.20
2017.12.01 02:20:51.606,0.74327,0.74345,1.20,1.00
2017.12.01 02:20:52.314,0.74326,0.74346,2.25,1.20
2017.12.01 02:20:55.076,0.74326,0.74344,2.25,1.12
2017.12.01 02:20:55.458,0.74322,0.74338,1.00,1.12
2017.12.01 02:20:55.772,0.74322,0.7434,1.00,1.00
2017.12.01 02:20:56.930,0.74322,0.74341,1.50,1.50
2017.12.01 02:20:57.845,0.74322,0.7434,1.50,1.00
2017.12.01 02:20:58.479,0.74322,0.7434,1.50,1.75
2017.12.01 02:21:00.001,0.74322,0.7434,1.50,1.20
2017.12.01 02:21:00.552,0.74322,0.74338,1.50,1.12
2017.12.01 02:21:01.313,0.74324,0.74342,1.00,2.25
2017.12.01 02:21:01.364,0.74324,0.74342,1.00,1.87
2017.12.01 02:21:02.134,0.74324,0.74342,1.00,2.25
2017.12.01 02:21:02.452,0.7432,0.74337,1.07,1.00
2017.12.01 02:21:03.892,0.7432,0.74337,1.00,1.00
2017.12.01 02:21:06.154,0.74319,0.74337,2.25,1.00
2017.12.01 02:21:07.687,0.7432,0.74337,1.00,1.00
2017.12.01 02:21:08.206,0.74319,0.74337,1.50,1.00
2017.12.01 02:21:09.884,0.7432,0.74337,1.00,1.00
2017.12.01 02:21:14.686,0.74319,0.74337,1.00,1.10
2017.12.01 02:21:21.610,0.7432,0.74337,1.00,1.10
2017.12.01 02:21:21.965,0.74322,0.74338,1.00,1.50
2017.12.01 02:21:22.118,0.7432,0.74337,1.10,1.12
2017.12.01 02:21:24.488,0.7432,0.74334,1.00,1.00
2017.12.01 02:21:25.946,0.7432,0.74335,1.00,1.00
2017.12.01 02:21:26.565,0.7432,0.74336,1.50,1.00
2017.12.01 02:21:27.079,0.74321,0.74336,1.00,1.00
2017.12.01 02:21:27.835,0.74322,0.74336,1.00,1.00
2017.12.01 02:21:31.110,0.74318,0.74333,1.57,1.00
2017.12.01 02:21:31.313,0.74317,0.74333,1.10,1.00
2017.12.01 02:21:31.415,0.7432,0.74336,1.00,1.75
2017.12.01 02:21:31.516,0.74319,0.74337,1.12,1.10
2017.12.01 02:21:31.567,0.7432,0.74335,1.00,1.00
2017.12.01 02:21:31.618,0.7432,0.74337,1.00,1.00
2017.12.01 02:21:31.899,0.74317,0.74333,1.00,1.00
2017.12.01 02:21:32.102,0.74321,0.74339,1.87,1.00
2017.12.01 02:21:32.204,0.74317,0.74335,1.50,1.12
2017.12.01 02:21:32.696,0.74316,0.74333,1.00,1.12
2017.12.01 02:21:38.569,0.74318,0.74336,1.50,1.75
2017.12.01 02:21:38.620,0.74318,0.74336,1.87,1.00
2017.12.01 02:21:38.722,0.74316,0.74334,1.87,1.00
2017.12.01 02:21:39.067,0.74317,0.74333,1.00,1.50
2017.12.01 02:21:39.169,0.74315,0.74333,1.50,1.00
2017.12.01 02:21:39.271,0.74314,0.7433,1.87,1.00
2017.12.01 02:21:39.423,0.74317,0.74335,1.00,1.95
2017.12.01 02:21:39.525,0.74314,0.74333,1.87,1.12
2017.12.01 02:21:39.626,0.74314,0.74333,1.50,1.75
2017.12.01 02:21:39.953,0.74316,0.74332,1.00,1.50
2017.12.01 02:21:40.212,0.74318,0.74336,1.00,1.50
2017.12.01 02:21:40.314,0.74315,0.74333,1.12,1.00
2017.12.01 02:21:41.003,0.74316,0.74333,1.00,1.00
2017.12.01 02:21:42.288,0.74314,0.74333,1.87,1.00
2017.12.01 02:21:44.641,0.74314,0.74333,1.50,1.12
2017.12.01 02:21:46.093,0.74315,0.74334,1.00,1.57
2017.12.01 02:21:49.325,0.74315,0.74334,1.00,1.00
2017.12.01 02:21:53.516,0.74317,0.74335,1.87,1.00
2017.12.01 02:21:53.852,0.74314,0.7433,1.47,1.00
2017.12.01 02:21:54.507,0.74315,0.74331,1.00,1.00
2017.12.01 02:21:56.511,0.74314,0.74331,1.00,1.00
2017.12.01 02:22:03.387,0.74314,0.74331,1.00,1.37
2017.12.01 02:22:04.610,0.74314,0.74331,1.00,1.75
2017.12.01 02:22:04.987,0.74317,0.74332,1.00,1.12
2017.12.01 02:22:05.140,0.74318,0.74336,1.00,1.57
2017.12.01 02:22:08.679,0.74315,0.74333,2.25,1.00
2017.12.01 02:22:09.901,0.74315,0.74333,1.50,1.50
2017.12.01 02:22:11.580,0.74312,0.74329,1.10,1.12
2017.12.01 02:22:11.783,0.74313,0.74331,1.57,1.12
2017.12.01 02:22:11.834,0.74313,0.74329,1.00,1.00
2017.12.01 02:22:11.885,0.74311,0.74329,1.57,1.12
2017.12.01 02:22:11.937,0.74311,0.74327,1.00,1.00
2017.12.01 02:22:12.689,0.7431,0.74327,1.50,1.12
2017.12.01 02:22:13.911,0.74313,0.74331,1.00,1.50
2017.12.01 02:22:13.962,0.74313,0.74331,1.00,1.12
2017.12.01 02:22:16.370,0.74312,0.7433,1.12,1.00
2017.12.01 02:22:19.476,0.74309,0.74327,1.95,1.00
2017.12.01 02:22:20.086,0.74309,0.74325,1.00,1.00
2017.12.01 02:22:20.771,0.74309,0.74327,1.10,1.37
2017.12.01 02:22:20.923,0.74313,0.74332,1.00,1.12
2017.12.01 02:22:21.075,0.74313,0.7433,1.00,1.00
2017.12.01 02:22:21.965,0.74313,0.7433,1.00,1.50
2017.12.01 02:22:22.131,0.7431,0.7433,2.62,1.50
2017.12.01 02:22:22.962,0.74314,0.74333,1.00,3.07
2017.12.01 02:22:23.013,0.74314,0.74333,1.00,3.07
2017.12.01 02:22:25.822,0.74313,0.74332,1.12,1.20
2017.12.01 02:22:28.736,0.74314,0.74333,1.00,1.50
2017.12.01 02:22:29.140,0.74312,0.74331,1.00,1.57
2017.12.01 02:22:29.694,0.74312,0.74331,1.57,1.50
2017.12.01 02:22:30.362,0.74315,0.7433,1.00,1.12
2017.12.01 02:22:42.700,0.74315,0.74331,1.00,1.00
2017.12.01 02:22:43.204,0.74315,0.74332,1.50,1.00
2017.12.01 02:22:48.298,0.74318,0.74336,1.00,1.20
2017.12.01 02:22:48.496,0.7432,0.74338,1.00,1.10
2017.12.01 02:22:48.949,0.74318,0.74336,1.87,1.00
2017.12.01 02:22:51.039,0.74317,0.74334,1.00,1.00
2017.12.01 02:22:51.242,0.74319,0.74337,1.00,1.20
2017.12.01 02:22:58.731,0.74316,0.74336,1.57,1.50
2017.12.01 02:22:59.711,0.74317,0.74335,1.10,1.00
2017.12.01 02:23:00.864,0.74317,0.74335,1.07,1.00
2017.12.01 02:23:04.542,0.74317,0.74335,1.57,1.00
2017.12.01 02:23:05.829,0.74318,0.74335,1.10,1.00
2017.12.01 02:23:06.057,0.7432,0.74335,1.00,1.00
2017.12.01 02:23:06.657,0.7432,0.74336,1.00,1.50
2017.12.01 02:23:07.214,0.7432,0.74335,1.00,1.00
2017.12.01 02:23:12.658,0.7432,0.74336,1.00,1.12
2017.12.01 02:23:13.404,0.7432,0.74335,1.00,1.12
2017.12.01 02:23:14.490,0.7432,0.74337,1.00,1.12
2017.12.01 02:23:15.020,0.74319,0.74334,1.10,1.00
2017.12.01 02:23:21.601,0.74319,0.74337,1.00,1.75
2017.12.01 02:23:22.221,0.74319,0.74336,1.10,1.00
2017.12.01 02:23:23.294,0.7432,0.74336,1.00,1.00
2017.12.01 02:23:23.963,0.7432,0.74336,1.00,1.50
2017.12.01 02:23:25.303,0.7432,0.74334,1.00,1.00
2017.12.01 02:23:25.838,0.7432,0.74336,1.00,1.50
2017.12.01 02:23:25.889,0.74318,0.74336,1.57,1.50
2017.12.01 02:23:27.291,0.7432,0.74336,1.00,1.50
2017.12.01 02:23:27.414,0.74318,0.74336,1.50,1.50
2017.12.01 02:23:30.245,0.74318,0.74334,1.10,1.00
2017.12.01 02:23:30.901,0.74318,0.74335,1.00,1.12
2017.12.01 02:23:31.579,0.74318,0.74336,2.25,1.00
2017.12.01 02:23:32.172,0.74319,0.74336,1.00,1.00
2017.12.01 02:23:32.223,0.7432,0.74338,1.00,1.00
2017.12.01 02:23:34.720,0.7432,0.74338,1.00,1.07
2017.12.01 02:23:34.771,0.74317,0.74336,1.00,1.50
2017.12.01 02:23:38.342,0.74316,0.74333,1.20,1.00
2017.12.01 02:23:38.494,0.74317,0.74335,1.00,1.12
2017.12.01 02:23:41.309,0.74316,0.74336,1.12,1.87
2017.12.01 02:23:44.690,0.74317,0.74335,1.00,1.12
2017.12.01 02:23:44.883,0.74313,0.74333,1.20,2.25
2017.12.01 02:23:44.985,0.74312,0.7433,1.50,1.12
2017.12.01 02:23:45.036,0.74314,0.7433,1.00,1.12
2017.12.01 02:23:46.553,0.74313,0.7433,1.00,1.12
2017.12.01 02:23:47.493,0.74316,0.74333,1.10,3.00
2017.12.01 02:23:47.544,0.74318,0.74336,1.00,1.12
2017.12.01 02:23:48.151,0.74318,0.74336,1.00,1.50
2017.12.01 02:23:48.768,0.74317,0.74334,1.00,1.12
2017.12.01 02:23:49.042,0.74315,0.74331,1.10,1.12
2017.12.01 02:23:50.977,0.74313,0.74332,1.10,1.50
2017.12.01 02:23:56.246,0.74314,0.74331,1.00,1.12
2017.12.01 02:23:56.792,0.74315,0.74331,1.00,1.12
2017.12.01 02:23:57.540,0.74315,0.74333,1.50,1.12
2017.12.01 02:23:57.591,0.74315,0.74331,1.00,1.00
2017.12.01 02:23:58.133,0.74314,0.74331,1.00,1.12
2017.12.01 02:24:00.362,0.74315,0.74331,1.10,1.12
2017.12.01 02:24:00.514,0.74318,0.74336,1.50,1.37
2017.12.01 02:24:01.123,0.74318,0.74334,1.00,1.00
2017.12.01 02:24:02.186,0.74318,0.74334,1.00,1.37
2017.12.01 02:24:04.804,0.74317,0.74334,1.10,1.37
2017.12.01 02:24:05.799,0.74318,0.74336,1.10,1.50
2017.12.01 02:24:09.838,0.74318,0.74336,1.07,1.50
2017.12.01 02:24:11.217,0.74318,0.74336,1.10,1.50
2017.12.01 02:24:11.890,0.74317,0.74334,1.10,1.00
2017.12.01 02:24:12.116,0.7432,0.74336,1.00,1.50
2017.12.01 02:24:13.122,0.7432,0.74336,1.00,1.00
2017.12.01 02:24:16.217,0.7432,0.74337,1.00,1.00
2017.12.01 02:24:16.269,0.74318,0.74337,1.10,1.00
2017.12.01 02:24:16.773,0.74318,0.74336,1.00,1.12
2017.12.01 02:24:22.053,0.74316,0.74334,1.57,1.12
2017.12.01 02:24:22.395,0.74324,0.74342,1.00,1.12
2017.12.01 02:24:22.729,0.74319,0.74337,1.00,1.00
2017.12.01 02:24:23.183,0.74317,0.74335,1.00,1.00
2017.12.01 02:24:24.604,0.74315,0.74333,1.50,1.00
2017.12.01 02:24:24.923,0.74317,0.74335,1.00,1.00
2017.12.01 02:24:27.631,0.74319,0.74337,1.00,1.12
2017.12.01 02:24:29.304,0.74318,0.74337,1.12,1.12
2017.12.01 02:24:29.720,0.74318,0.74338,1.00,3.07
2017.12.01 02:24:29.771,0.74316,0.74334,1.12,1.00
2017.12.01 02:24:31.872,0.74315,0.74335,3.00,1.12
2017.12.01 02:24:31.922,0.74318,0.74336,1.00,1.50
2017.12.01 02:24:32.109,0.74317,0.74337,1.12,1.12
2017.12.01 02:24:33.872,0.74318,0.74336,1.00,1.00
2017.12.01 02:24:44.890,0.74318,0.74336,1.00,1.37
2017.12.01 02:24:44.941,0.74315,0.74334,1.12,1.12
2017.12.01 02:24:45.491,0.74315,0.74333,1.12,1.00
2017.12.01 02:24:46.838,0.74313,0.74331,1.20,1.00
2017.12.01 02:24:47.326,0.7431,0.7433,2.25,1.12
2017.12.01 02:24:47.377,0.7431,0.74327,1.50,1.00
2017.12.01 02:24:49.071,0.7431,0.74327,1.00,1.00
2017.12.01 02:24:50.856,0.74309,0.74327,1.12,1.00
2017.12.01 02:24:51.740,0.7431,0.74325,1.00,1.00
2017.12.01 02:24:52.261,0.7431,0.74326,1.00,1.12
2017.12.01 02:24:52.562,0.74313,0.74331,1.50,1.50
2017.12.01 02:24:52.663,0.74315,0.74335,1.00,3.07
2017.12.01 02:24:53.218,0.74316,0.74334,1.00,1.50
2017.12.01 02:24:53.319,0.74313,0.74331,1.50,1.00
2017.12.01 02:24:53.370,0.74315,0.74333,1.00,1.12
2017.12.01 02:24:53.530,0.74313,0.74331,1.00,1.12
2017.12.01 02:24:55.671,0.74311,0.74329,1.57,1.00
2017.12.01 02:24:55.992,0.7431,0.74328,1.10,1.12
2017.12.01 02:24:56.502,0.74311,0.74329,1.00,1.00
2017.12.01 02:24:56.810,0.74313,0.74331,1.00,2.25
2017.12.01 02:24:57.063,0.7431,0.7433,2.70,1.12
2017.12.01 02:24:57.936,0.74311,0.7433,1.20,1.12
2017.12.01 02:24:58.444,0.7431,0.74327,1.57,1.00
2017.12.01 02:24:58.950,0.7431,0.74327,1.57,1.00
2017.12.01 02:24:59.830,0.7431,0.74327,1.57,1.00
2017.12.01 02:24:59.982,0.74311,0.74329,1.10,1.00
2017.12.01 02:25:00.549,0.74311,0.74329,2.32,1.00
2017.12.01 02:25:00.717,0.74313,0.74331,1.00,1.12
2017.12.01 02:25:01.004,0.74311,0.74329,2.70,1.00
2017.12.01 02:25:01.103,0.74313,0.74331,1.00,1.12
2017.12.01 02:25:01.350,0.74315,0.74331,1.00,1.00
2017.12.01 02:25:01.663,0.74316,0.74334,1.00,1.12
2017.12.01 02:25:01.765,0.74315,0.74332,1.95,1.00
2017.12.01 02:25:01.870,0.74318,0.74336,1.50,1.12
2017.12.01 02:25:02.113,0.74318,0.74336,1.00,1.75
2017.12.01 02:25:02.166,0.74315,0.74334,1.50,1.50
2017.12.01 02:25:05.429,0.74315,0.74333,1.00,1.37
2017.12.01 02:25:05.533,0.74315,0.74333,1.00,1.00
2017.12.01 02:25:05.585,0.74317,0.74335,1.00,2.25
2017.12.01 02:25:05.635,0.74318,0.74338,1.12,1.95
2017.12.01 02:25:05.870,0.74318,0.74335,1.12,1.00
2017.12.01 02:25:05.921,0.74318,0.74338,1.12,1.87
2017.12.01 02:25:05.971,0.74317,0.74335,1.00,1.00
2017.12.01 02:25:06.446,0.74321,0.74338,1.00,1.00
2017.12.01 02:25:06.497,0.7432,0.7434,1.00,2.25
2017.12.01 02:25:07.015,0.74321,0.74339,1.00,1.00
2017.12.01 02:25:07.338,0.74323,0.7434,1.00,1.00
2017.12.01 02:25:08.257,0.74321,0.74339,1.95,1.00
2017.12.01 02:25:10.986,0.74321,0.74339,1.10,1.12
2017.12.01 02:25:11.369,0.74323,0.74341,1.00,1.75
2017.12.01 02:25:11.420,0.74323,0.74341,1.12,1.00
2017.12.01 02:25:25.740,0.74321,0.7434,1.00,1.00
2017.12.01 02:25:25.933,0.74323,0.74341,1.00,1.12
2017.12.01 02:25:27.565,0.74324,0.74341,1.00,1.50
2017.12.01 02:25:27.666,0.74325,0.74343,1.00,1.12
2017.12.01 02:25:35.877,0.74327,0.74345,1.00,1.95
2017.12.01 02:25:35.978,0.74325,0.74343,1.50,1.00
2017.12.01 02:25:43.364,0.74325,0.74344,1.00,1.50
2017.12.01 02:25:44.740,0.74324,0.74344,1.00,1.57
2017.12.01 02:25:44.791,0.74322,0.74342,1.95,1.37
2017.12.01 02:25:45.802,0.74323,0.74341,1.00,1.12
2017.12.01 02:25:53.205,0.74322,0.74342,1.95,1.37
2017.12.01 02:25:53.778,0.74326,0.74344,1.00,1.57
2017.12.01 02:25:53.995,0.74327,0.74347,1.12,2.32
2017.12.01 02:25:55.161,0.74326,0.74344,1.50,1.00
2017.12.01 02:25:58.803,0.74326,0.74345,1.00,1.57
2017.12.01 02:25:59.285,0.74326,0.74342,1.00,1.00
2017.12.01 02:26:00.483,0.74326,0.74344,1.50,1.00
2017.12.01 02:26:08.086,0.74324,0.74344,1.50,1.00
2017.12.01 02:26:11.944,0.74326,0.74344,1.00,1.00
2017.12.01 02:26:13.184,0.74327,0.74343,1.00,1.00
2017.12.01 02:26:16.965,0.74327,0.74345,1.50,1.12
2017.12.01 02:26:17.067,0.74329,0.74346,1.00,1.50
2017.12.01 02:26:17.387,0.74325,0.74343,3.00,1.00
2017.12.01 02:26:17.438,0.74325,0.74341,1.00,1.00
2017.12.01 02:26:17.490,0.74323,0.74341,1.12,1.00
2017.12.01 02:26:17.541,0.74325,0.74341,1.00,1.00
2017.12.01 02:26:17.694,0.74325,0.74343,1.50,1.00
2017.12.01 02:26:18.264,0.74325,0.74344,1.50,1.87
2017.12.01 02:26:18.942,0.74326,0.74344,1.00,1.87
2017.12.01 02:26:20.340,0.74326,0.74343,1.00,1.00
2017.12.01 02:26:20.441,0.74327,0.74345,1.50,1.00
2017.12.01 02:26:21.357,0.74327,0.74343,1.00,1.00
2017.12.01 02:26:23.975,0.74327,0.74346,1.00,1.00
2017.12.01 02:26:25.152,0.74325,0.74343,1.50,1.00
2017.12.01 02:26:25.494,0.74325,0.74341,1.50,1.00
2017.12.01 02:26:27.709,0.74324,0.74342,1.00,1.12
2017.12.01 02:26:28.098,0.74326,0.74346,1.12,1.20
2017.12.01 02:26:28.250,0.74329,0.74347,1.00,1.10
2017.12.01 02:26:28.695,0.74327,0.74345,1.50,1.00
2017.12.01 02:26:30.451,0.74329,0.74346,1.00,1.00
2017.12.01 02:26:31.135,0.74327,0.74345,2.25,1.00
2017.12.01 02:26:32.144,0.74325,0.74342,1.00,1.00
2017.12.01 02:26:32.735,0.74325,0.74341,1.00,1.00
2017.12.01 02:26:33.476,0.74325,0.7434,1.00,1.00
2017.12.01 02:26:34.212,0.74325,0.74341,1.00,1.00
2017.12.01 02:26:35.306,0.74326,0.74344,1.00,1.45
2017.12.01 02:26:35.515,0.74327,0.74345,1.00,1.10
2017.12.01 02:26:36.047,0.74326,0.74345,1.50,1.00
2017.12.01 02:26:36.640,0.74326,0.74346,1.50,1.20
2017.12.01 02:26:36.691,0.74326,0.74343,1.00,1.12
2017.12.01 02:26:37.196,0.74328,0.74346,1.50,1.57
2017.12.01 02:26:37.624,0.74326,0.74342,1.00,1.00
2017.12.01 02:26:38.053,0.74326,0.74344,1.50,1.00
2017.12.01 02:26:38.356,0.74327,0.74347,1.00,1.10
2017.12.01 02:26:38.696,0.74326,0.74345,1.12,1.12
2017.12.01 02:26:39.020,0.74329,0.74347,1.00,1.20
2017.12.01 02:26:39.546,0.74329,0.74348,1.00,1.95
2017.12.01 02:26:40.063,0.74328,0.74347,1.50,1.07
2017.12.01 02:26:40.738,0.7433,0.74348,1.00,1.95
2017.12.01 02:26:40.840,0.74326,0.74344,1.57,1.00
2017.12.01 02:26:40.891,0.74329,0.74347,2.25,1.12
2017.12.01 02:26:42.090,0.74328,0.74345,1.00,1.00
2017.12.01 02:26:42.242,0.74325,0.74344,1.50,1.50
2017.12.01 02:26:42.641,0.74326,0.74341,1.00,1.00
2017.12.01 02:26:42.743,0.74326,0.74343,1.00,1.00
2017.12.01 02:26:42.895,0.74324,0.74342,1.87,1.00
2017.12.01 02:26:42.946,0.74324,0.7434,1.12,1.00
2017.12.01 02:26:43.561,0.74323,0.7434,1.87,1.00
2017.12.01 02:26:43.611,0.74325,0.74344,1.12,1.20
2017.12.01 02:26:43.874,0.74327,0.74345,1.12,1.57
2017.12.01 02:26:47.378,0.74326,0.74344,1.00,1.10
2017.12.01 02:26:48.045,0.74326,0.74343,1.00,1.00
2017.12.01 02:26:49.665,0.74327,0.74345,1.12,1.10
2017.12.01 02:26:50.963,0.74322,0.7434,1.50,1.00
2017.12.01 02:26:51.268,0.74321,0.74338,1.00,1.00
2017.12.01 02:26:52.409,0.7432,0.74338,1.12,1.00
2017.12.01 02:26:52.943,0.7432,0.74338,3.00,1.00
2017.12.01 02:26:54.132,0.7432,0.74338,2.25,1.00
2017.12.01 02:26:54.680,0.7432,0.74337,1.00,1.12
2017.12.01 02:26:54.986,0.74318,0.74336,1.50,1.00
2017.12.01 02:26:56.176,0.7432,0.74338,1.00,1.20
2017.12.01 02:26:56.626,0.7432,0.74336,1.00,1.00
2017.12.01 02:26:58.108,0.7432,0.74338,1.50,1.20
2017.12.01 02:26:58.997,0.7432,0.74338,1.50,1.00
2017.12.01 02:26:59.048,0.74322,0.7434,1.00,1.12
2017.12.01 02:26:59.576,0.74322,0.7434,1.00,1.75
2017.12.01 02:26:59.627,0.74319,0.74338,1.87,1.12
2017.12.01 02:26:59.990,0.74321,0.74339,1.00,1.57
2017.12.01 02:27:00.197,0.74319,0.74337,1.12,1.10
2017.12.01 02:27:02.794,0.7432,0.74337,1.00,1.10
2017.12.01 02:27:05.221,0.74321,0.74339,1.00,1.95
2017.12.01 02:27:07.063,0.74321,0.74339,1.00,1.50
2017.12.01 02:27:08.356,0.74319,0.74337,1.00,1.12
2017.12.01 02:27:13.398,0.7432,0.74337,1.50,1.00
2017.12.01 02:27:14.567,0.74319,0.74337,1.00,1.12
2017.12.01 02:27:14.685,0.7432,0.74335,1.00,1.00
2017.12.01 02:27:15.138,0.74315,0.74334,2.32,1.00
2017.12.01 02:27:15.189,0.74315,0.7433,2.25,1.00
2017.12.01 02:27:16.092,0.74315,0.7433,1.00,1.00
2017.12.01 02:27:16.194,0.74318,0.74335,1.00,1.20
2017.12.01 02:27:16.743,0.74318,0.74334,1.00,1.00
2017.12.01 02:27:17.066,0.74316,0.74333,1.00,1.12
2017.12.01 02:27:17.268,0.74315,0.74331,1.00,1.12
2017.12.01 02:27:17.841,0.74315,0.7433,1.00,1.00
2017.12.01 02:27:17.993,0.74317,0.74334,1.00,1.00
2017.12.01 02:27:18.518,0.74316,0.74334,1.12,1.00
2017.12.01 02:27:20.775,0.74318,0.74336,1.87,1.00
2017.12.01 02:27:21.090,0.74321,0.74339,1.12,1.10
2017.12.01 02:27:21.394,0.74318,0.74334,1.00,1.00
2017.12.01 02:27:23.423,0.74318,0.74335,1.00,1.12
2017.12.01 02:27:26.452,0.74317,0.74334,1.00,1.00
2017.12.01 02:27:26.756,0.74316,0.74331,1.00,1.00
2017.12.01 02:27:27.140,0.74315,0.74329,1.00,1.00
2017.12.01 02:27:27.242,0.74314,0.74332,1.00,1.12
2017.12.01 02:27:28.082,0.74314,0.74331,1.00,1.00
2017.12.01 02:27:28.694,0.74313,0.74331,1.12,1.00
2017.12.01 02:27:33.785,0.74313,0.74329,1.00,1.12
2017.12.01 02:27:34.309,0.74312,0.74329,1.00,1.12
2017.12.01 02:27:37.683,0.7431,0.74329,1.12,1.20
2017.12.01 02:27:37.733,0.7431,0.74326,1.12,1.00
2017.12.01 02:27:38.669,0.74308,0.74326,2.62,1.00
2017.12.01 02:27:40.368,0.7431,0.74328,2.62,1.00
2017.12.01 02:27:40.769,0.74314,0.74332,1.37,1.00
2017.12.01 02:27:42.372,0.74316,0.74334,1.00,1.12
2017.12.01 02:27:45.746,0.74318,0.74335,1.12,1.00
2017.12.01 02:27:48.148,0.74318,0.74336,1.12,1.00
2017.12.01 02:27:48.710,0.74318,0.74335,1.00,1.50
2017.12.01 02:27:48.761,0.74316,0.74334,1.00,1.12
2017.12.01 02:27:48.874,0.74314,0.74332,1.00,1.12
2017.12.01 02:27:50.810,0.74317,0.74335,1.00,1.50
2017.12.01 02:27:51.250,0.74315,0.74333,1.00,1.00
2017.12.01 02:27:52.415,0.74316,0.74334,1.00,1.12
2017.12.01 02:27:54.038,0.74318,0.74336,1.00,1.50
2017.12.01 02:27:59.618,0.74317,0.74337,1.00,1.85
2017.12.01 02:28:00.122,0.74318,0.74336,1.00,1.50
2017.12.01 02:28:01.096,0.74316,0.74334,1.12,1.00
2017.12.01 02:28:04.846,0.74317,0.74337,1.00,1.85
2017.12.01 02:28:07.123,0.74317,0.74337,1.50,1.95
2017.12.01 02:28:08.092,0.74317,0.74336,1.00,1.00
2017.12.01 02:28:09.902,0.74317,0.74337,1.50,1.75
2017.12.01 02:28:10.775,0.74317,0.74337,2.25,1.12
2017.12.01 02:28:11.635,0.74317,0.74337,1.00,1.82
2017.12.01 02:28:11.837,0.74317,0.74337,1.50,1.20
2017.12.01 02:28:13.800,0.74318,0.74336,1.50,1.12
2017.12.01 02:28:16.574,0.74321,0.74339,1.00,2.25
2017.12.01 02:28:16.625,0.74321,0.74339,1.00,1.12
2017.12.01 02:28:17.257,0.7432,0.7434,2.62,1.57
2017.12.01 02:28:17.867,0.74319,0.74337,2.25,1.00
2017.12.01 02:28:17.919,0.74322,0.7434,1.12,1.57
2017.12.01 02:28:19.092,0.74321,0.74339,1.00,1.12
2017.12.01 02:28:21.022,0.74319,0.74337,2.70,1.00
2017.12.01 02:28:21.305,0.74321,0.74339,1.00,1.00
2017.12.01 02:28:22.466,0.7432,0.74338,1.50,1.12
2017.12.01 02:28:24.419,0.74321,0.74338,1.00,1.00
2017.12.01 02:28:25.224,0.74321,0.74338,1.20,1.00
2017.12.01 02:28:25.773,0.74323,0.74338,1.00,1.00
2017.12.01 02:28:27.011,0.74323,0.74339,1.10,1.00
2017.12.01 02:28:29.717,0.74323,0.7434,1.10,1.00
2017.12.01 02:28:30.485,0.74323,0.7434,1.07,1.00
2017.12.01 02:28:30.976,0.74323,0.74338,1.20,1.00
2017.12.01 02:28:31.077,0.74323,0.7434,1.07,1.12
2017.12.01 02:28:31.128,0.74323,0.74338,1.07,1.12
2017.12.01 02:28:31.783,0.74323,0.74338,1.10,1.00
2017.12.01 02:28:32.567,0.74323,0.74342,1.10,1.37
2017.12.01 02:28:32.669,0.74323,0.74339,1.10,1.00
2017.12.01 02:28:32.972,0.74324,0.74341,1.10,1.12
2017.12.01 02:28:44.014,0.74324,0.74339,1.00,1.00
2017.12.01 02:28:44.065,0.74324,0.74341,1.10,1.12
2017.12.01 02:28:44.116,0.74326,0.74344,1.10,1.50
2017.12.01 02:28:44.626,0.74324,0.74342,2.32,1.00
2017.12.01 02:28:46.055,0.74324,0.74342,1.87,1.00
2017.12.01 02:29:00.240,0.74325,0.74343,1.50,1.12
2017.12.01 02:29:00.916,0.74325,0.74343,2.25,1.00
2017.12.01 02:29:00.967,0.74328,0.74346,1.00,2.32
2017.12.01 02:29:01.119,0.74326,0.74344,1.87,1.00
2017.12.01 02:29:01.562,0.74325,0.74342,1.00,1.00
2017.12.01 02:29:03.473,0.74326,0.74344,1.00,1.50
2017.12.01 02:29:03.827,0.74326,0.74341,1.00,1.00
2017.12.01 02:29:04.007,0.74323,0.74341,1.50,1.00
2017.12.01 02:29:05.629,0.74323,0.7434,1.00,1.12
2017.12.01 02:29:05.680,0.74327,0.74341,1.00,1.50
2017.12.01 02:29:05.731,0.74327,0.74343,1.00,1.50
2017.12.01 02:29:05.832,0.74328,0.74345,1.00,1.00
2017.12.01 02:29:06.644,0.74327,0.74344,1.00,1.00
2017.12.01 02:29:07.165,0.74326,0.74344,1.00,1.50
2017.12.01 02:29:08.970,0.74326,0.74344,1.57,1.00
2017.12.01 02:29:09.684,0.74325,0.74345,2.32,1.50
2017.12.01 02:29:10.193,0.74326,0.74344,1.00,1.12
2017.12.01 02:29:11.288,0.74326,0.74344,1.57,1.00
2017.12.01 02:29:11.808,0.74328,0.74346,1.50,1.87
2017.12.01 02:29:12.473,0.74328,0.74345,1.50,1.00
2017.12.01 02:29:13.162,0.74328,0.74346,1.50,2.62
2017.12.01 02:29:13.213,0.74328,0.74344,1.00,1.12
2017.12.01 02:29:18.205,0.74328,0.74346,1.50,2.25
2017.12.01 02:29:19.138,0.74328,0.74345,1.50,1.00
2017.12.01 02:29:21.110,0.74328,0.74344,1.00,1.00
2017.12.01 02:29:21.772,0.74328,0.74345,1.50,1.00
2017.12.01 02:29:22.720,0.74329,0.74345,1.00,1.00
2017.12.01 02:29:23.825,0.74328,0.74345,1.00,1.50
2017.12.01 02:29:25.897,0.74328,0.74346,1.00,2.62
2017.12.01 02:29:27.284,0.74328,0.74345,1.00,1.00
2017.12.01 02:29:27.385,0.7433,0.74346,1.00,1.12
2017.12.01 02:29:27.843,0.74328,0.74346,1.50,2.25
2017.12.01 02:29:28.054,0.74329,0.74346,1.37,1.50
2017.12.01 02:29:28.411,0.74328,0.74346,1.87,1.50
2017.12.01 02:29:28.791,0.74329,0.74345,1.50,1.00
2017.12.01 02:29:29.086,0.74328,0.74345,1.87,1.00
2017.12.01 02:29:29.628,0.74329,0.74345,1.00,1.00
2017.12.01 02:29:31.146,0.74329,0.74345,2.25,1.00
2017.12.01 02:29:31.263,0.74329,0.74347,2.25,1.00
2017.12.01 02:29:31.817,0.74332,0.7435,1.00,1.50
2017.12.01 02:29:36.877,0.74334,0.7435,1.50,1.00
2017.12.01 02:29:36.928,0.74337,0.74355,1.50,1.57
2017.12.01 02:29:37.436,0.74337,0.74355,1.00,1.12
2017.12.01 02:29:38.954,0.74337,0.74353,1.00,1.00
2017.12.01 02:29:41.088,0.74337,0.74355,1.87,1.00
2017.12.01 02:29:41.287,0.74337,0.74353,1.00,1.00
2017.12.01 02:29:41.823,0.74338,0.74355,1.00,1.00
2017.12.01 02:29:42.256,0.74336,0.74355,1.10,1.12
2017.12.01 02:29:42.748,0.74335,0.74355,1.57,1.75
2017.12.01 02:29:43.114,0.74335,0.74355,2.32,1.12
2017.12.01 02:29:44.470,0.74335,0.74355,1.95,1.50
2017.12.01 02:29:45.087,0.74337,0.74355,1.00,1.00
2017.12.01 02:29:46.204,0.74338,0.74356,1.00,2.62
2017.12.01 02:29:46.722,0.74338,0.74355,1.00,1.00
2017.12.01 02:29:48.422,0.74337,0.74355,1.50,1.00
2017.12.01 02:29:48.969,0.74338,0.74355,1.12,1.00
2017.12.01 02:29:49.273,0.74335,0.74355,1.07,2.25
2017.12.01 02:29:49.640,0.7434,0.74355,1.00,1.00
2017.12.01 02:29:49.741,0.74338,0.74355,1.00,1.00
2017.12.01 02:29:50.294,0.74337,0.74355,1.00,1.87
2017.12.01 02:29:51.485,0.74338,0.74355,1.00,1.12
2017.12.01 02:29:52.740,0.74337,0.74355,1.50,1.12
2017.12.01 02:29:53.298,0.74337,0.74354,1.00,1.00
2017.12.01 02:29:56.745,0.74339,0.74357,1.00,1.87
2017.12.01 02:29:56.846,0.74337,0.74355,2.32,1.00
2017.12.01 02:29:58.459,0.74337,0.74355,1.00,1.12
2017.12.01 02:29:59.449,0.74337,0.74356,1.50,1.00
2017.12.01 02:30:00.184,0.74337,0.74355,1.50,1.12
2017.12.01 02:30:00.714,0.74339,0.74355,1.00,1.00
2017.12.01 02:30:03.137,0.74339,0.74357,1.00,1.12
2017.12.01 02:30:03.260,0.74339,0.74357,1.00,1.50
2017.12.01 02:30:03.362,0.74339,0.74357,1.00,1.12
2017.12.01 02:30:03.464,0.74338,0.74354,1.00,1.00
2017.12.01 02:30:03.566,0.74338,0.74356,1.50,1.00
2017.12.01 02:30:03.718,0.74338,0.74354,1.00,1.00
2017.12.01 02:30:04.255,0.74338,0.74356,1.87,1.00
2017.12.01 02:30:04.357,0.74338,0.74354,1.00,1.00
2017.12.01 02:30:04.898,0.74338,0.74356,2.25,1.00
2017.12.01 02:30:05.419,0.74338,0.74354,1.00,1.00
2017.12.01 02:30:05.470,0.74338,0.74356,1.50,1.12
2017.12.01 02:30:05.520,0.74338,0.74354,1.00,1.00
2017.12.01 02:30:05.571,0.74338,0.74356,1.50,1.12
2017.12.01 02:30:05.832,0.74338,0.74354,1.00,1.00
2017.12.01 02:30:05.933,0.74338,0.74357,1.00,2.25
2017.12.01 02:30:07.080,0.7434,0.74358,1.00,1.12
2017.12.01 02:30:07.600,0.74342,0.7436,1.00,1.87
2017.12.01 02:30:08.128,0.74341,0.74359,1.00,1.00
2017.12.01 02:30:08.678,0.74341,0.74358,1.50,1.00
2017.12.01 02:30:09.493,0.74341,0.74359,1.12,1.00
2017.12.01 02:30:10.804,0.74341,0.74359,1.00,1.37
2017.12.01 02:30:11.561,0.74341,0.74357,1.12,1.00
2017.12.01 02:30:11.611,0.74341,0.7436,1.12,1.87
2017.12.01 02:30:12.180,0.74342,0.7436,1.00,1.12
2017.12.01 02:30:12.979,0.74342,0.74359,1.00,1.00
2017.12.01 02:30:13.334,0.74343,0.74361,1.12,1.00
2017.12.01 02:30:13.435,0.74348,0.74366,1.00,1.50
2017.12.01 02:30:13.770,0.7435,0.74368,1.10,1.00
2017.12.01 02:30:14.124,0.74353,0.74368,1.00,1.00
2017.12.01 02:30:14.175,0.74351,0.74369,1.00,1.00
2017.12.01 02:30:14.794,0.74351,0.74368,1.10,1.00
2017.12.01 02:30:15.176,0.74352,0.7437,1.00,2.25
2017.12.01 02:30:15.281,0.74351,0.74368,1.57,1.00
2017.12.01 02:30:15.394,0.74352,0.7437,1.12,1.00
2017.12.01 02:30:15.684,0.74351,0.74368,1.00,1.00
2017.12.01 02:30:15.839,0.74352,0.7437,1.00,1.00
2017.12.01 02:30:16.501,0.74351,0.74368,1.10,1.00
2017.12.01 02:30:16.552,0.74352,0.7437,1.00,1.00
2017.12.01 02:30:17.091,0.74353,0.7437,1.00,1.00
2017.12.01 02:30:18.306,0.74355,0.74371,1.00,1.12
2017.12.01 02:30:18.628,0.74358,0.74373,1.00,1.00
2017.12.01 02:30:20.028,0.74354,0.7437,1.12,1.00
2017.12.01 02:30:20.180,0.74354,0.74368,1.00,1.00
2017.12.01 02:30:20.381,0.74354,0.7437,1.00,1.50
2017.12.01 02:30:21.376,0.74354,0.74369,1.00,1.12
2017.12.01 02:30:22.211,0.74354,0.74369,1.20,1.12
2017.12.01 02:30:23.210,0.74354,0.74369,1.10,1.12
2017.12.01 02:30:23.645,0.74352,0.7437,1.95,1.87
2017.12.01 02:30:23.774,0.74352,0.7437,1.95,1.87
2017.12.01 02:30:24.360,0.74352,0.7437,1.57,1.50
2017.12.01 02:30:24.562,0.74351,0.74369,2.70,1.12
2017.12.01 02:30:24.967,0.74351,0.74367,1.95,1.00
2017.12.01 02:30:25.408,0.74351,0.74369,2.70,1.12
2017.12.01 02:30:25.944,0.74351,0.74367,1.45,1.00
2017.12.01 02:30:26.006,0.74351,0.74367,1.20,1.00
2017.12.01 02:30:27.089,0.74347,0.74365,1.45,1.12
2017.12.01 02:30:27.140,0.74347,0.74365,1.45,1.87
2017.12.01 02:30:27.519,0.7435,0.74368,1.45,1.12
2017.12.01 02:30:30.072,0.7435,0.7437,1.57,2.25
2017.12.01 02:30:31.794,0.7435,0.7437,1.10,2.25
2017.12.01 02:30:32.325,0.74351,0.74369,1.20,1.50
2017.12.01 02:30:33.049,0.74351,0.74369,1.00,1.50
2017.12.01 02:30:33.505,0.74349,0.74367,1.12,1.00
2017.12.01 02:30:34.829,0.74351,0.74369,1.00,1.50
2017.12.01 02:30:39.077,0.74348,0.74366,1.57,1.00
2017.12.01 02:30:40.018,0.74348,0.74366,1.95,1.50
2017.12.01 02:30:40.935,0.74348,0.74366,1.95,1.50
2017.12.01 02:30:41.434,0.74348,0.74365,1.20,1.50
2017.12.01 02:30:42.093,0.74348,0.74364,1.45,1.00
2017.12.01 02:30:42.243,0.74348,0.74366,1.95,1.50
2017.12.01 02:30:43.463,0.74348,0.74366,1.95,1.00
2017.12.01 02:30:44.910,0.7435,0.74367,1.20,1.00
2017.12.01 02:30:45.582,0.7435,0.74367,1.20,1.00
2017.12.01 02:30:54.639,0.74352,0.74368,1.00,1.00
2017.12.01 02:30:55.360,0.74351,0.74368,1.20,1.00
2017.12.01 02:30:56.916,0.74351,0.74368,1.57,1.00
2017.12.01 02:30:59.171,0.74351,0.74368,1.95,1.00
2017.12.01 02:31:00.089,0.74351,0.74369,1.85,1.00
2017.12.01 02:31:00.292,0.74351,0.74369,1.12,1.00
2017.12.01 02:31:00.955,0.74352,0.7437,1.00,1.87
2017.12.01 02:31:03.329,0.74352,0.7437,1.20,1.87
2017.12.01 02:31:04.312,0.74352,0.7437,1.20,1.87
2017.12.01 02:31:05.376,0.74352,0.7437,1.10,1.87
2017.12.01 02:31:07.343,0.74352,0.7437,1.07,1.87
2017.12.01 02:31:08.702,0.74352,0.7437,1.20,1.87
2017.12.01 02:31:09.311,0.74351,0.74369,1.57,1.00
2017.12.01 02:31:09.413,0.74354,0.74372,1.95,1.00
2017.12.01 02:31:09.464,0.74357,0.74374,1.00,1.50
2017.12.01 02:31:10.886,0.74356,0.74374,1.57,1.50
2017.12.01 02:31:11.475,0.74356,0.74374,1.20,1.50
2017.12.01 02:31:13.499,0.74356,0.74374,1.57,1.50
2017.12.01 02:31:18.592,0.74356,0.74374,1.20,1.50
2017.12.01 02:31:19.129,0.74356,0.74374,1.07,1.87
2017.12.01 02:31:19.541,0.74359,0.74374,1.00,1.00
2017.12.01 02:31:19.592,0.74359,0.74376,1.00,1.87
2017.12.01 02:31:19.694,0.74356,0.74374,1.82,1.00
2017.12.01 02:31:19.744,0.74357,0.74375,1.07,1.00
2017.12.01 02:31:21.726,0.74355,0.74375,2.70,1.37
2017.12.01 02:31:22.589,0.74355,0.74375,2.32,1.37
2017.12.01 02:31:23.182,0.74355,0.74372,1.57,1.00
2017.12.01 02:31:25.297,0.74352,0.7437,1.45,1.00
2017.12.01 02:31:25.350,0.74352,0.7437,1.00,1.50
2017.12.01 02:31:25.502,0.7435,0.74368,2.70,1.00
2017.12.01 02:31:25.661,0.74349,0.74368,1.07,1.87
2017.12.01 02:31:26.212,0.74349,0.74367,1.57,1.00
2017.12.01 02:31:26.458,0.74349,0.74367,1.20,1.00
2017.12.01 02:31:26.939,0.74349,0.74367,1.57,1.00
2017.12.01 02:31:27.743,0.74351,0.74368,1.57,1.00
2017.12.01 02:31:31.771,0.74351,0.74368,1.57,1.00
2017.12.01 02:31:33.347,0.74351,0.74368,1.57,1.00
2017.12.01 02:31:36.214,0.7435,0.74368,1.95,1.00
2017.12.01 02:31:36.822,0.74349,0.74367,1.57,1.00
2017.12.01 02:31:37.424,0.74351,0.74368,1.20,1.00
2017.12.01 02:31:38.018,0.74351,0.74367,1.07,1.00
2017.12.01 02:31:38.070,0.74355,0.74372,1.00,1.00
2017.12.01 02:31:38.171,0.74355,0.74373,1.45,1.87
2017.12.01 02:31:38.494,0.7436,0.74375,1.12,1.00
2017.12.01 02:31:38.801,0.7436,0.74378,1.20,1.50
2017.12.01 02:31:40.864,0.7436,0.74375,1.20,1.00
2017.12.01 02:31:41.366,0.74358,0.74375,2.32,1.00
2017.12.01 02:31:42.287,0.74358,0.74375,1.57,1.00
2017.12.01 02:31:42.993,0.74358,0.74375,1.57,1.00
2017.12.01 02:31:43.522,0.74358,0.74375,1.95,1.00
2017.12.01 02:31:44.609,0.74355,0.74374,1.45,1.00
2017.12.01 02:31:46.195,0.74358,0.74374,1.00,1.00
2017.12.01 02:31:46.296,0.74357,0.74376,1.57,1.12
2017.12.01 02:31:46.772,0.74359,0.74376,1.07,1.00
2017.12.01 02:31:47.063,0.74358,0.74375,1.00,1.00
2017.12.01 02:31:47.397,0.74357,0.74376,1.95,1.00
2017.12.01 02:31:47.499,0.74358,0.74375,1.45,1.00
2017.12.01 02:31:47.702,0.7436,0.74377,1.00,1.00
2017.12.01 02:31:47.804,0.74362,0.7438,1.10,3.00
2017.12.01 02:31:48.128,0.74364,0.74382,1.00,1.12
2017.12.01 02:31:48.243,0.74363,0.7438,1.20,1.00
2017.12.01 02:31:49.517,0.74363,0.7438,1.57,1.00
2017.12.01 02:31:50.197,0.74364,0.74381,1.07,1.00
2017.12.01 02:31:50.719,0.74364,0.74382,1.20,1.12
2017.12.01 02:31:51.083,0.74364,0.7438,1.07,1.00
2017.12.01 02:31:51.135,0.74364,0.74382,1.07,1.87
2017.12.01 02:31:51.287,0.74364,0.7438,1.10,1.50
2017.12.01 02:31:51.443,0.74365,0.74382,1.10,1.12
2017.12.01 02:31:51.970,0.74365,0.74382,1.20,1.12
2017.12.01 02:31:52.512,0.74365,0.74382,1.95,1.00
2017.12.01 02:31:53.713,0.74362,0.7438,1.95,1.12
2017.12.01 02:31:53.764,0.74361,0.74381,2.32,2.25
2017.12.01 02:31:53.916,0.74362,0.7438,1.95,1.12
2017.12.01 02:31:53.967,0.74362,0.7438,1.45,1.12
2017.12.01 02:31:54.069,0.74366,0.74382,1.20,1.00
2017.12.01 02:31:54.813,0.74366,0.74382,1.20,1.00
2017.12.01 02:31:55.453,0.74366,0.74382,1.20,1.00
2017.12.01 02:31:56.105,0.74366,0.74382,1.57,1.00
2017.12.01 02:31:56.765,0.74366,0.74382,1.20,1.00
2017.12.01 02:31:59.960,0.74366,0.74384,1.10,1.00
2017.12.01 02:32:00.011,0.74368,0.74384,1.12,1.00
2017.12.01 02:32:00.164,0.74366,0.74384,1.10,1.50
2017.12.01 02:32:00.666,0.74366,0.74383,1.00,1.00
2017.12.01 02:32:00.791,0.74365,0.74381,1.20,1.00
2017.12.01 02:32:02.000,0.74368,0.74381,1.12,1.00
2017.12.01 02:32:02.106,0.74367,0.74385,1.50,1.00
2017.12.01 02:32:03.022,0.74368,0.74384,1.12,1.00
2017.12.01 02:32:03.457,0.74367,0.74382,1.10,1.00
2017.12.01 02:32:04.453,0.74368,0.74383,1.00,1.00
2017.12.01 02:32:07.804,0.74365,0.74383,1.95,1.00
2017.12.01 02:32:08.316,0.74368,0.74383,1.00,1.00
2017.12.01 02:32:09.163,0.74368,0.74383,1.57,1.00
2017.12.01 02:32:09.316,0.74368,0.74386,1.20,1.00
2017.12.01 02:32:09.518,0.74367,0.74384,1.95,1.00
2017.12.01 02:32:10.471,0.74367,0.74385,1.95,1.00
2017.12.01 02:32:11.096,0.74367,0.74385,1.95,1.00
2017.12.01 02:32:12.727,0.74368,0.74385,1.10,1.50
2017.12.01 02:32:14.638,0.74368,0.74383,1.10,1.00
2017.12.01 02:32:15.001,0.74363,0.74379,1.57,1.00
2017.12.01 02:32:15.053,0.74363,0.74381,1.57,1.00
2017.12.01 02:32:15.256,0.74363,0.7438,1.10,1.12
2017.12.01 02:32:16.091,0.74363,0.7438,1.07,1.12
2017.12.01 02:32:16.673,0.7436,0.74378,1.45,1.00
2017.12.01 02:32:17.064,0.74362,0.7438,1.20,2.62
2017.12.01 02:32:18.599,0.7436,0.74378,1.45,1.00
2017.12.01 02:32:19.428,0.74362,0.7438,1.07,2.25
2017.12.01 02:32:20.287,0.74362,0.7438,1.10,1.50
2017.12.01 02:32:22.343,0.74362,0.7438,1.20,1.50
2017.12.01 02:32:24.147,0.74362,0.7438,1.20,1.50
2017.12.01 02:32:27.682,0.74362,0.7438,1.10,1.50
2017.12.01 02:32:27.834,0.74362,0.74378,1.07,1.00
2017.12.01 02:32:27.885,0.7436,0.74378,1.20,1.87
2017.12.01 02:32:28.030,0.7436,0.74374,1.20,1.00
2017.12.01 02:32:28.274,0.74359,0.74374,1.20,1.00
2017.12.01 02:32:29.647,0.74359,0.74376,1.12,1.00
2017.12.01 02:32:29.698,0.74356,0.74374,1.95,1.00
2017.12.01 02:32:29.749,0.74356,0.74375,1.07,1.12
2017.12.01 02:32:30.425,0.74356,0.74374,1.57,1.50
2017.12.01 02:32:30.928,0.74356,0.74374,1.57,1.50
2017.12.01 02:32:31.080,0.74357,0.74377,1.95,1.87
2017.12.01 02:32:32.255,0.74357,0.74376,1.20,1.00
2017.12.01 02:32:32.305,0.74356,0.74374,1.45,1.00
2017.12.01 02:32:32.626,0.74355,0.74374,2.32,1.00
2017.12.01 02:32:40.196,0.74355,0.74374,2.70,1.00
2017.12.01 02:32:40.453,0.74358,0.74376,1.10,2.25
2017.12.01 02:32:42.040,0.74358,0.74376,1.20,2.25
2017.12.01 02:32:45.800,0.74356,0.74374,1.45,1.00
2017.12.01 02:32:53.920,0.74356,0.74374,1.45,1.00
2017.12.01 02:32:57.640,0.74356,0.74374,1.45,1.00
2017.12.01 02:32:57.843,0.74356,0.74374,1.20,1.00
2017.12.01 02:32:58.532,0.74356,0.74374,1.45,1.00
2017.12.01 02:33:02.121,0.74356,0.74374,1.45,1.00
2017.12.01 02:33:06.627,0.74356,0.74374,1.00,1.12
2017.12.01 02:33:08.431,0.74356,0.74374,1.20,1.12
2017.12.01 02:33:11.528,0.74359,0.74376,1.20,1.12
2017.12.01 02:33:11.781,0.74363,0.74381,1.57,1.00
2017.12.01 02:33:13.118,0.74364,0.74382,1.20,1.00
2017.12.01 02:33:13.169,0.74366,0.74384,1.00,1.37
2017.12.01 02:33:14.084,0.74365,0.74385,2.70,1.87
2017.12.01 02:33:14.135,0.74368,0.74385,1.00,1.12
2017.12.01 02:33:16.109,0.74366,0.74384,1.20,1.00
2017.12.01 02:33:16.210,0.74366,0.74383,1.10,1.00
2017.12.01 02:33:16.711,0.74367,0.74383,1.10,1.00
2017.12.01 02:33:16.762,0.74368,0.74385,1.00,1.87
2017.12.01 02:33:20.019,0.74368,0.74385,1.45,1.87
2017.12.01 02:33:20.467,0.74366,0.74383,2.32,1.00
2017.12.01 02:33:20.669,0.74366,0.74383,1.45,1.12
2017.12.01 02:33:21.003,0.74367,0.74385,1.45,2.62
2017.12.01 02:33:21.479,0.74365,0.74383,1.95,1.87
2017.12.01 02:33:22.337,0.74366,0.74383,1.45,1.87
2017.12.01 02:33:23.329,0.74365,0.74383,1.95,1.87
2017.12.01 02:33:26.453,0.74365,0.74382,1.45,1.00
2017.12.01 02:33:36.417,0.74365,0.74382,1.45,1.00
2017.12.01 02:33:37.134,0.74365,0.74382,1.45,1.00
2017.12.01 02:33:37.465,0.74366,0.74383,1.95,1.00
2017.12.01 02:33:41.534,0.74366,0.74384,1.95,1.00
2017.12.01 02:33:42.071,0.74367,0.74384,1.45,1.00
2017.12.01 02:33:43.112,0.74367,0.74384,1.45,1.00
2017.12.01 02:33:43.977,0.74368,0.74385,1.45,1.50
2017.12.01 02:33:44.283,0.74367,0.74383,1.45,1.00
2017.12.01 02:33:45.032,0.74366,0.74383,1.95,1.00
2017.12.01 02:33:46.764,0.74369,0.74385,1.20,1.00
2017.12.01 02:33:47.134,0.74369,0.74383,1.20,1.00
2017.12.01 02:33:47.732,0.74367,0.74383,1.45,1.00
2017.12.01 02:33:52.255,0.74367,0.74383,1.45,1.00
2017.12.01 02:33:53.209,0.74367,0.74383,1.20,1.00
2017.12.01 02:33:55.308,0.74367,0.74383,1.45,1.00
2017.12.01 02:33:58.551,0.74367,0.74383,1.20,1.00
2017.12.01 02:34:00.412,0.74367,0.74383,1.45,1.00
2017.12.01 02:34:00.650,0.74367,0.74385,1.45,1.50
2017.12.01 02:34:02.613,0.74367,0.74383,1.45,1.00
2017.12.01 02:34:03.686,0.74367,0.74383,1.20,1.00
2017.12.01 02:34:07.599,0.74366,0.74381,1.57,1.00
2017.12.01 02:34:07.878,0.74366,0.74383,1.57,1.00
2017.12.01 02:34:14.785,0.74366,0.74383,1.57,1.00
2017.12.01 02:34:22.437,0.74366,0.74383,1.57,1.00
2017.12.01 02:34:26.616,0.74364,0.74382,1.45,1.12
2017.12.01 02:34:29.583,0.74363,0.74381,1.57,1.00
2017.12.01 02:34:29.634,0.74362,0.74379,1.95,1.00
2017.12.01 02:34:30.282,0.74362,0.74378,1.45,1.00
2017.12.01 02:34:30.586,0.74363,0.74379,1.57,1.00
2017.12.01 02:34:40.841,0.74363,0.74379,1.57,1.00
2017.12.01 02:34:42.624,0.74363,0.74379,1.20,1.00
2017.12.01 02:34:46.413,0.74362,0.74378,1.00,1.00
2017.12.01 02:34:59.863,0.74362,0.74379,1.57,1.00
2017.12.01 02:35:00.994,0.74362,0.74379,2.32,1.00
2017.12.01 02:35:01.637,0.74364,0.74381,1.10,1.50
2017.12.01 02:35:03.437,0.74363,0.74381,1.95,1.50
2017.12.01 02:35:04.038,0.74363,0.74379,1.45,1.00
2017.12.01 02:35:04.293,0.74363,0.74381,1.45,1.00
2017.12.01 02:35:05.046,0.74364,0.74378,1.00,1.00
2017.12.01 02:35:05.548,0.74361,0.74378,1.20,1.00
2017.12.01 02:35:06.071,0.74358,0.74376,1.95,1.50
2017.12.01 02:35:06.587,0.74358,0.74376,1.45,1.87
2017.12.01 02:35:07.405,0.74358,0.74376,1.07,1.87
2017.12.01 02:35:07.966,0.7436,0.74376,1.00,1.87
2017.12.01 02:35:09.071,0.74358,0.74376,1.20,1.87
2017.12.01 02:35:11.795,0.74361,0.74377,1.00,1.00
2017.12.01 02:35:14.142,0.74361,0.74377,1.07,1.00
2017.12.01 02:35:16.239,0.74361,0.74377,1.10,1.00
2017.12.01 02:35:16.822,0.7436,0.74378,1.57,1.12
2017.12.01 02:35:17.896,0.74361,0.74378,1.45,1.00
2017.12.01 02:35:20.899,0.74363,0.7438,1.07,1.00
2017.12.01 02:35:23.343,0.74363,0.74381,1.20,1.12
2017.12.01 02:35:23.871,0.74363,0.74381,1.20,1.12
2017.12.01 02:35:33.535,0.74363,0.74381,1.57,1.00
2017.12.01 02:35:33.823,0.74363,0.74379,1.12,1.00
2017.12.01 02:35:33.881,0.74359,0.74377,1.57,1.00
2017.12.01 02:35:34.991,0.74359,0.74377,1.20,1.50
2017.12.01 02:35:35.305,0.74363,0.74381,1.57,1.50
2017.12.01 02:35:36.214,0.74363,0.7438,1.57,1.00
2017.12.01 02:35:36.758,0.74361,0.74379,1.57,1.00
2017.12.01 02:35:46.377,0.74361,0.7438,1.07,1.50
2017.12.01 02:35:48.211,0.74361,0.74379,1.57,1.00
2017.12.01 02:35:48.770,0.74363,0.7438,1.00,1.00
2017.12.01 02:35:50.451,0.74363,0.7438,1.07,1.00
2017.12.01 02:35:51.222,0.74366,0.7438,1.00,1.00
2017.12.01 02:35:51.324,0.74366,0.74384,1.10,1.50
2017.12.01 02:35:51.527,0.74364,0.74382,1.20,1.50
2017.12.01 02:35:52.360,0.74364,0.74382,1.57,1.50
2017.12.01 02:35:52.564,0.74366,0.74384,1.10,1.00
2017.12.01 02:35:52.614,0.74368,0.74385,1.00,2.62
2017.12.01 02:35:53.046,0.74369,0.74386,1.07,1.00
2017.12.01 02:35:54.131,0.74369,0.74385,1.20,1.00
2017.12.01 02:35:54.833,0.74369,0.74385,1.20,1.00
2017.12.01 02:35:55.024,0.74369,0.74387,1.45,1.12
2017.12.01 02:35:55.226,0.74371,0.74389,1.07,1.00
2017.12.01 02:35:56.349,0.74371,0.74389,1.45,1.00
2017.12.01 02:35:56.938,0.74373,0.7439,1.57,1.00
2017.12.01 02:35:57.328,0.7437,0.7439,1.57,2.62
2017.12.01 02:35:57.379,0.74371,0.74385,1.20,1.00
2017.12.01 02:35:57.955,0.74371,0.74388,1.00,1.12
2017.12.01 02:35:58.238,0.74369,0.74386,1.57,1.00
2017.12.01 02:35:58.969,0.74368,0.74385,1.20,1.00
2017.12.01 02:35:59.087,0.74368,0.74388,1.20,2.25
2017.12.01 02:35:59.696,0.74369,0.74387,1.10,1.00
2017.12.01 02:36:00.788,0.74369,0.74385,1.10,1.00
2017.12.01 02:36:01.104,0.74369,0.74387,1.10,1.00
2017.12.01 02:36:01.637,0.74369,0.74385,1.07,1.00
2017.12.01 02:36:02.924,0.74369,0.74387,1.20,1.00
2017.12.01 02:36:03.483,0.74369,0.74385,1.20,1.00
2017.12.01 02:36:04.846,0.74369,0.74385,1.57,1.00
2017.12.01 02:36:05.393,0.74368,0.74385,1.45,1.00
2017.12.01 02:36:05.945,0.74368,0.74385,1.45,1.00
2017.12.01 02:36:06.478,0.74368,0.74385,1.45,1.00
2017.12.01 02:36:07.137,0.74368,0.74386,1.20,1.00
2017.12.01 02:36:07.252,0.74368,0.74388,1.20,3.00
2017.12.01 02:36:07.303,0.74368,0.74385,1.45,1.00
2017.12.01 02:36:07.441,0.74368,0.74388,1.45,3.00
2017.12.01 02:36:08.408,0.74367,0.74385,1.95,1.00
2017.12.01 02:36:08.914,0.74367,0.74385,1.95,1.00
2017.12.01 02:36:09.554,0.74367,0.74385,1.20,1.12
2017.12.01 02:36:09.859,0.74365,0.74383,1.20,1.50
2017.12.01 02:36:10.377,0.74365,0.74383,1.45,1.50
2017.12.01 02:36:10.630,0.74367,0.74385,1.10,2.62
2017.12.01 02:36:10.681,0.74367,0.74385,1.20,2.62
2017.12.01 02:36:11.652,0.74366,0.74383,1.20,1.00
2017.12.01 02:36:11.703,0.74364,0.7438,1.20,1.00
2017.12.01 02:36:11.754,0.7436,0.74378,2.70,1.00
2017.12.01 02:36:12.007,0.74361,0.74378,1.45,1.00
2017.12.01 02:36:12.059,0.74362,0.74382,1.45,1.50
2017.12.01 02:36:12.832,0.74363,0.74382,1.45,1.50
2017.12.01 02:36:12.883,0.74368,0.74386,1.00,1.87
2017.12.01 02:36:12.934,0.74366,0.74384,1.20,1.50
2017.12.01 02:36:13.439,0.74366,0.74384,1.57,1.87
2017.12.01 02:36:13.963,0.74368,0.74386,1.20,1.12
2017.12.01 02:36:14.530,0.74369,0.74388,1.20,1.12
2017.12.01 02:36:15.378,0.7437,0.74388,1.00,1.87
2017.12.01 02:36:16.052,0.74368,0.74386,1.20,1.00
2017.12.01 02:36:20.035,0.7437,0.74388,1.07,1.87
2017.12.01 02:36:21.032,0.7437,0.74388,1.10,1.87
2017.12.01 02:36:22.437,0.7437,0.74388,1.20,1.87
2017.12.01 02:36:22.589,0.74372,0.74389,1.07,1.00
2017.12.01 02:36:23.918,0.74372,0.74389,1.20,1.00
2017.12.01 02:36:24.120,0.74375,0.74393,1.20,2.25
2017.12.01 02:36:24.273,0.74375,0.74393,1.57,1.00
2017.12.01 02:36:26.083,0.74375,0.74393,1.57,1.00
2017.12.01 02:36:26.236,0.74372,0.74392,1.45,1.00
2017.12.01 02:36:26.287,0.74371,0.74389,1.45,1.00
2017.12.01 02:36:26.492,0.7437,0.7439,1.95,1.00
2017.12.01 02:36:27.899,0.74371,0.74389,1.45,1.00
2017.12.01 02:36:29.222,0.74371,0.74389,1.45,1.00
2017.12.01 02:36:29.731,0.74371,0.74389,1.20,1.00
2017.12.01 02:36:30.986,0.74371,0.74389,1.45,1.00
2017.12.01 02:36:32.366,0.74374,0.74392,1.10,1.50
2017.12.01 02:36:32.881,0.74374,0.74392,1.07,1.50
2017.12.01 02:36:33.433,0.74374,0.74392,1.00,1.50
2017.12.01 02:36:34.178,0.74374,0.74392,1.07,1.50
2017.12.01 02:36:34.489,0.74375,0.74393,1.95,1.50
2017.12.01 02:36:34.590,0.74379,0.74397,1.07,1.12
2017.12.01 02:36:34.742,0.74379,0.74397,1.45,1.12
2017.12.01 02:36:34.945,0.74381,0.74399,1.20,1.12
2017.12.01 02:36:36.953,0.74381,0.74399,1.20,1.12
2017.12.01 02:36:49.991,0.74382,0.744,1.57,2.25
2017.12.01 02:36:53.254,0.74384,0.74402,1.10,2.25
2017.12.01 02:36:53.456,0.74384,0.74402,1.57,1.00
2017.12.01 02:36:55.010,0.74384,0.74402,2.32,1.00
2017.12.01 02:36:55.756,0.74384,0.744,1.45,1.00
2017.12.01 02:36:55.807,0.74384,0.74398,1.20,1.00
2017.12.01 02:36:55.858,0.74381,0.744,2.70,1.50
2017.12.01 02:36:56.390,0.74381,0.744,1.95,1.50
2017.12.01 02:36:56.989,0.74381,0.744,1.45,1.50
2017.12.01 02:36:57.302,0.74381,0.744,1.95,1.50
2017.12.01 02:36:59.833,0.74381,0.744,1.45,1.50
2017.12.01 02:37:00.357,0.74381,0.744,1.45,1.50
2017.12.01 02:37:01.085,0.74382,0.744,1.20,1.50
2017.12.01 02:37:12.816,0.7438,0.744,1.50,2.25
2017.12.01 02:37:31.569,0.74381,0.74399,1.00,1.00
2017.12.01 02:37:37.104,0.74379,0.74398,1.12,1.12
2017.12.01 02:37:37.678,0.7438,0.74397,1.00,1.00
2017.12.01 02:37:38.603,0.74379,0.74397,1.12,1.00
2017.12.01 02:37:39.539,0.74378,0.74396,1.00,1.12
2017.12.01 02:37:39.691,0.74378,0.74398,1.50,1.87
2017.12.01 02:37:39.742,0.74378,0.74396,1.50,1.00
2017.12.01 02:37:42.474,0.7438,0.74396,1.00,1.00
2017.12.01 02:37:43.581,0.7438,0.74397,1.00,1.00
2017.12.01 02:37:44.934,0.74382,0.74399,1.00,1.00
2017.12.01 02:37:50.902,0.74382,0.744,1.00,1.00
2017.12.01 02:37:51.295,0.74384,0.74401,1.12,1.00
2017.12.01 02:37:57.053,0.74386,0.74401,1.00,1.00
2017.12.01 02:38:01.709,0.74384,0.74401,1.12,1.00
2017.12.01 02:38:13.395,0.74383,0.74402,1.37,1.57
2017.12.01 02:38:23.814,0.74381,0.74401,1.57,1.12
2017.12.01 02:38:26.590,0.74382,0.744,1.12,1.00
2017.12.01 02:38:27.688,0.74382,0.744,1.20,1.00
2017.12.01 02:38:30.539,0.7438,0.74398,1.57,1.00
2017.12.01 02:38:33.287,0.7438,0.74398,2.32,1.00
2017.12.01 02:38:33.838,0.74383,0.74399,1.12,1.00
2017.12.01 02:38:34.142,0.74377,0.74394,1.20,1.50
2017.12.01 02:38:34.539,0.74381,0.74396,1.20,1.00
2017.12.01 02:38:34.589,0.74381,0.74398,1.20,1.00
2017.12.01 02:38:34.843,0.74379,0.74397,1.10,1.00
2017.12.01 02:38:35.169,0.74379,0.74395,1.00,1.00
2017.12.01 02:38:35.321,0.74377,0.74395,1.10,2.25
2017.12.01 02:38:35.524,0.74377,0.74393,1.00,1.00
2017.12.01 02:38:36.388,0.74377,0.74394,1.00,1.00
2017.12.01 02:38:36.609,0.7438,0.74398,1.20,1.50
2017.12.01 02:38:37.137,0.7438,0.74397,1.20,1.00
2017.12.01 02:38:39.380,0.7438,0.74396,1.12,1.00
2017.12.01 02:38:39.790,0.74381,0.74399,1.12,1.00
2017.12.01 02:38:40.446,0.74382,0.74399,1.00,1.00
2017.12.01 02:38:42.825,0.7438,0.74398,1.20,1.00
2017.12.01 02:38:43.955,0.7438,0.74398,1.95,1.00
2017.12.01 02:38:44.479,0.74381,0.74399,1.57,1.00
2017.12.01 02:38:46.755,0.74381,0.74399,1.10,1.12
2017.12.01 02:38:46.807,0.74381,0.74396,1.10,1.00
2017.12.01 02:38:48.052,0.7438,0.74398,1.12,2.25
2017.12.01 02:38:48.103,0.7438,0.74396,1.20,1.00
2017.12.01 02:38:48.621,0.7438,0.74397,1.20,1.50
2017.12.01 02:38:49.236,0.7438,0.74396,1.20,1.00
2017.12.01 02:38:51.366,0.74377,0.74395,1.95,1.00
2017.12.01 02:38:52.158,0.74378,0.74395,1.12,1.00
2017.12.01 02:38:52.670,0.74378,0.74396,1.20,1.50
2017.12.01 02:38:53.759,0.74378,0.74396,1.57,1.50
2017.12.01 02:38:53.973,0.74378,0.74396,1.20,1.50
2017.12.01 02:38:54.095,0.74378,0.74396,1.57,2.25
2017.12.01 02:38:57.072,0.74378,0.74396,1.20,2.25
2017.12.01 02:38:57.171,0.74378,0.74396,1.57,2.25
2017.12.01 02:38:59.497,0.74378,0.74396,1.57,2.25
2017.12.01 02:39:00.375,0.74378,0.74396,1.10,2.25
2017.12.01 02:39:02.835,0.7438,0.74396,1.00,1.50
2017.12.01 02:39:03.697,0.7438,0.74396,1.50,1.50
2017.12.01 02:39:05.138,0.74381,0.74396,1.47,1.00
2017.12.01 02:39:05.379,0.7438,0.74396,1.00,1.00
2017.12.01 02:39:07.282,0.74377,0.74395,1.20,1.00
2017.12.01 02:39:07.821,0.74378,0.74395,1.57,1.00
2017.12.01 02:39:18.739,0.74381,0.74399,1.20,1.00
2017.12.01 02:39:18.846,0.74383,0.74401,1.00,3.75
2017.12.01 02:39:19.005,0.74384,0.74402,1.20,1.50
2017.12.01 02:39:19.158,0.74384,0.74398,1.12,1.00
2017.12.01 02:39:19.259,0.74382,0.74398,1.10,1.00
2017.12.01 02:39:19.631,0.74382,0.744,1.57,1.00
2017.12.01 02:39:20.243,0.74382,0.744,1.00,1.12
2017.12.01 02:39:20.760,0.74382,0.744,1.47,1.00
2017.12.01 02:39:23.211,0.74384,0.74401,1.00,1.00
2017.12.01 02:39:23.870,0.74384,0.74402,1.10,1.87
2017.12.01 02:39:29.467,0.74384,0.744,1.00,1.00
2017.12.01 02:39:30.060,0.74384,0.74401,1.00,1.00
2017.12.01 02:39:30.615,0.74384,0.74399,1.00,1.00
2017.12.01 02:39:31.524,0.74384,0.74398,1.00,1.00
2017.12.01 02:39:32.606,0.74384,0.74397,1.00,1.00
2017.12.01 02:39:33.814,0.74384,0.74399,1.00,1.00
2017.12.01 02:39:39.590,0.74384,0.744,1.00,1.00
2017.12.01 02:39:45.842,0.74381,0.744,1.20,1.12
2017.12.01 02:39:47.266,0.74381,0.744,1.57,1.12
2017.12.01 02:39:47.402,0.74384,0.744,1.00,1.00
2017.12.01 02:39:47.939,0.74384,0.74397,1.00,1.00
2017.12.01 02:39:48.040,0.74382,0.74397,1.00,1.00
2017.12.01 02:39:48.563,0.74378,0.74394,1.50,1.00
2017.12.01 02:39:48.716,0.74375,0.74393,1.85,1.00
2017.12.01 02:39:48.767,0.74375,0.74393,1.10,1.12
2017.12.01 02:39:50.591,0.74375,0.74391,1.00,1.00
2017.12.01 02:39:51.291,0.74374,0.74391,1.20,1.00
2017.12.01 02:39:52.163,0.74375,0.74391,1.00,1.00
2017.12.01 02:39:52.611,0.74377,0.74391,1.00,1.00
2017.12.01 02:39:52.908,0.74378,0.74394,1.00,1.00
2017.12.01 02:39:57.893,0.74376,0.74394,1.00,1.50
2017.12.01 02:39:59.246,0.7438,0.74394,1.00,1.00
2017.12.01 02:39:59.841,0.74379,0.74394,1.12,1.00
2017.12.01 02:40:00.624,0.7438,0.74394,1.00,1.00
2017.12.01 02:40:00.727,0.7438,0.74398,1.10,1.12
2017.12.01 02:40:00.778,0.74382,0.74399,1.07,1.50
2017.12.01 02:40:00.829,0.74382,0.744,1.20,1.50
2017.12.01 02:40:00.981,0.74385,0.74401,1.00,1.12
2017.12.01 02:40:01.809,0.74385,0.74402,1.00,1.00
2017.12.01 02:40:02.341,0.74385,0.74402,1.45,1.00
2017.12.01 02:40:02.443,0.74388,0.74406,1.00,2.25
2017.12.01 02:40:02.545,0.74387,0.74407,1.75,1.00
2017.12.01 02:40:02.596,0.74387,0.74405,1.85,1.00
2017.12.01 02:40:02.697,0.74387,0.74405,1.12,1.00
2017.12.01 02:40:04.426,0.74388,0.74405,1.00,1.50
2017.12.01 02:40:10.122,0.74386,0.74404,1.00,1.00
2017.12.01 02:40:14.458,0.74386,0.74403,1.00,1.00
2017.12.01 02:40:25.802,0.74385,0.74403,1.00,1.50
2017.12.01 02:40:29.149,0.74385,0.74402,1.00,1.00
2017.12.01 02:40:29.793,0.74383,0.74401,1.00,1.00
2017.12.01 02:40:31.727,0.74382,0.74399,1.00,1.00
2017.12.01 02:40:32.184,0.74384,0.74401,1.00,1.00
2017.12.01 02:40:32.488,0.74386,0.74404,1.00,2.32
2017.12.01 02:40:36.678,0.74386,0.74402,1.00,1.00
2017.12.01 02:40:38.265,0.74384,0.744,1.12,1.00
2017.12.01 02:40:39.385,0.74383,0.744,1.00,1.00
2017.12.01 02:40:39.974,0.74384,0.744,1.00,1.00
2017.12.01 02:40:40.878,0.74384,0.74401,1.00,1.12
2017.12.01 02:40:40.928,0.74382,0.744,1.12,1.00
2017.12.01 02:40:42.695,0.74385,0.74401,1.00,1.00
2017.12.01 02:40:42.746,0.74383,0.74401,1.00,1.87
2017.12.01 02:40:42.898,0.74385,0.74401,1.00,1.12
2017.12.01 02:40:43.085,0.74384,0.74403,1.57,1.12
2017.12.01 02:40:44.315,0.74385,0.74403,1.95,1.50
2017.12.01 02:40:54.239,0.74385,0.74403,1.00,1.00
2017.12.01 02:40:59.952,0.74384,0.74404,1.00,1.87
2017.12.01 02:41:00.491,0.74385,0.74403,1.00,1.50
2017.12.01 02:41:02.786,0.74384,0.74402,1.10,1.00
2017.12.01 02:41:10.529,0.74384,0.74402,1.07,1.00
2017.12.01 02:41:11.068,0.74384,0.74402,1.12,1.00
2017.12.01 02:41:20.571,0.74382,0.744,1.07,1.12
2017.12.01 02:41:20.781,0.7438,0.74398,1.10,1.00
2017.12.01 02:41:22.633,0.7438,0.74398,1.00,1.50
2017.12.01 02:41:22.847,0.74378,0.74396,1.95,1.00
2017.12.01 02:41:28.501,0.74376,0.74394,1.50,1.12
2017.12.01 02:41:29.303,0.74376,0.74394,1.00,1.37
2017.12.01 02:41:29.353,0.74374,0.74392,1.57,1.12
2017.12.01 02:41:36.820,0.74375,0.74393,1.00,1.50
2017.12.01 02:41:37.023,0.74371,0.74391,1.57,1.50
2017.12.01 02:41:37.073,0.74371,0.74391,1.20,1.50
2017.12.01 02:41:37.124,0.74369,0.74387,2.32,1.00
2017.12.01 02:41:37.659,0.74372,0.7439,1.00,1.75
2017.12.01 02:41:37.711,0.74372,0.7439,1.12,1.00
2017.12.01 02:41:38.449,0.74371,0.74389,1.57,1.00
2017.12.01 02:41:39.901,0.7437,0.7439,2.70,1.50
2017.12.01 02:41:42.013,0.7437,0.7439,2.32,1.87
2017.12.01 02:41:42.632,0.7437,0.7439,1.95,1.87
2017.12.01 02:41:43.383,0.74371,0.74389,1.10,1.00
2017.12.01 02:41:45.847,0.74373,0.7439,1.00,1.50
2017.12.01 02:41:56.409,0.74376,0.74392,1.00,1.00
2017.12.01 02:41:56.511,0.74374,0.74392,1.50,1.50
2017.12.01 02:41:56.612,0.74375,0.74394,1.00,1.50
2017.12.01 02:41:56.764,0.7438,0.74396,1.00,1.50
2017.12.01 02:41:56.815,0.7438,0.74397,1.50,1.00
2017.12.01 02:41:58.697,0.7438,0.74398,1.00,2.62
2017.12.01 02:41:58.849,0.74383,0.74399,1.00,1.00
2017.12.01 02:41:59.256,0.74383,0.74401,1.00,2.25
2017.12.01 02:42:01.235,0.74383,0.744,1.00,1.00
2017.12.01 02:42:21.976,0.74381,0.74398,1.00,1.00
2017.12.01 02:42:22.495,0.74383,0.74401,1.00,1.57
2017.12.01 02:42:22.596,0.74382,0.74402,1.50,1.87
2017.12.01 02:42:22.647,0.74383,0.74401,1.00,1.50
2017.12.01 02:42:22.999,0.74381,0.74399,1.20,1.00
2017.12.01 02:42:25.260,0.74379,0.74397,1.00,1.00
2017.12.01 02:42:26.627,0.74377,0.74395,1.12,1.00
2017.12.01 02:42:26.970,0.74374,0.74392,2.25,1.00
2017.12.01 02:42:27.071,0.74371,0.7439,1.50,1.00
2017.12.01 02:42:27.122,0.74374,0.7439,1.00,1.00
2017.12.01 02:42:27.173,0.74372,0.7439,1.00,1.50
2017.12.01 02:42:29.396,0.74373,0.7439,1.00,1.00
2017.12.01 02:42:30.524,0.74374,0.7439,1.00,1.00
2017.12.01 02:42:30.575,0.74374,0.74392,1.50,1.50
2017.12.01 02:42:31.280,0.74376,0.74392,1.00,1.00
2017.12.01 02:42:32.589,0.74375,0.74392,1.20,1.00
2017.12.01 02:42:37.840,0.74373,0.74391,1.07,1.00
2017.12.01 02:42:38.131,0.74372,0.74388,1.57,1.00
2017.12.01 02:42:38.183,0.7437,0.74388,1.95,1.00
2017.12.01 02:42:38.492,0.74373,0.7439,1.00,1.00
2017.12.01 02:42:38.811,0.74376,0.74394,1.10,1.87
2017.12.01 02:42:39.059,0.74376,0.74392,1.07,1.00
2017.12.01 02:42:39.110,0.74374,0.74392,1.57,1.50
2017.12.01 02:42:39.211,0.74374,0.7439,1.50,1.00
2017.12.01 02:42:40.758,0.74374,0.7439,1.00,1.00
2017.12.01 02:42:41.615,0.74372,0.74389,1.50,1.00
2017.12.01 02:42:45.798,0.74372,0.74389,1.10,1.00
2017.12.01 02:43:06.317,0.7437,0.74388,1.95,1.00
2017.12.01 02:43:07.457,0.74371,0.74388,1.20,1.00
2017.12.01 02:43:17.862,0.74371,0.74386,1.20,1.00
2017.12.01 02:43:22.377,0.74373,0.74389,1.12,1.00
2017.12.01 02:43:29.802,0.74368,0.74386,1.20,1.00
2017.12.01 02:43:30.888,0.74369,0.74386,1.10,1.00
2017.12.01 02:43:34.337,0.74368,0.74385,1.57,1.00
2017.12.01 02:43:34.439,0.74369,0.74387,1.10,1.12
2017.12.01 02:43:34.591,0.74369,0.74387,1.20,1.12
2017.12.01 02:43:35.704,0.74369,0.74387,1.95,1.12
2017.12.01 02:43:36.411,0.7437,0.74387,1.45,1.12
2017.12.01 02:43:37.276,0.74371,0.74388,1.45,1.00
2017.12.01 02:43:38.021,0.74371,0.74388,1.07,1.00
2017.12.01 02:43:38.225,0.74369,0.74387,1.20,1.87
2017.12.01 02:43:38.758,0.74371,0.74387,1.00,1.00
2017.12.01 02:43:38.961,0.74368,0.74386,1.20,2.25
2017.12.01 02:43:39.656,0.74368,0.74386,1.10,2.25
2017.12.01 02:43:40.448,0.74368,0.74386,1.07,2.25
2017.12.01 02:43:41.359,0.7437,0.74386,1.10,1.50
