2017.06.02 12:00:00.154,0.71811,0.71833,1.75,1.35
2017.06.02 12:00:00.907,0.71815,0.71834,1.00,1.35
2017.06.02 12:00:01.827,0.71814,0.71834,1.12,3.60
2017.06.02 12:00:02.627,0.71815,0.71833,1.00,1.35
2017.06.02 12:00:03.218,0.71814,0.71834,1.12,1.75
2017.06.02 12:00:03.741,0.71815,0.71834,1.00,3.00
2017.06.02 12:00:04.250,0.71814,0.71834,1.12,3.00
2017.06.02 12:00:04.922,0.71815,0.71834,1.00,2.25
2017.06.02 12:00:05.263,0.7181,0.71827,1.00,1.00
2017.06.02 12:00:05.435,0.71815,0.71827,1.00,1.00
2017.06.02 12:00:05.687,0.71815,0.71831,1.00,1.37
2017.06.02 12:00:05.839,0.7181,0.71828,1.50,1.00
2017.06.02 12:00:05.889,0.7181,0.71828,1.50,1.12
2017.06.02 12:00:05.940,0.7181,0.71828,1.00,1.75
2017.06.02 12:00:08.240,0.71809,0.71827,1.00,1.50
2017.06.02 12:00:09.074,0.7181,0.71827,1.00,1.50
2017.06.02 12:00:09.953,0.7181,0.7183,1.12,3.00
2017.06.02 12:00:12.183,0.7181,0.71828,1.00,1.75
2017.06.02 12:00:12.727,0.7181,0.7183,1.37,2.25
2017.06.02 12:00:14.082,0.71809,0.7183,4.35,1.50
2017.06.02 12:00:14.625,0.7181,0.71827,1.75,1.00
2017.06.02 12:00:14.777,0.71805,0.71827,1.35,3.00
2017.06.02 12:00:15.709,0.7181,0.71826,1.00,1.50
2017.06.02 12:00:15.862,0.71805,0.71826,2.10,1.50
2017.06.02 12:00:17.448,0.7181,0.71827,1.00,1.75
2017.06.02 12:00:24.838,0.71815,0.71828,1.00,2.25
2017.06.02 12:00:24.990,0.71815,0.71832,1.00,2.25
2017.06.02 12:00:25.091,0.71815,0.71832,1.00,2.25
2017.06.02 12:00:25.192,0.71814,0.71831,1.00,1.35
2017.06.02 12:00:25.243,0.7181,0.71829,1.50,1.87
2017.06.02 12:00:25.344,0.7181,0.7183,1.12,2.85
2017.06.02 12:00:25.906,0.71809,0.71827,1.00,2.10
2017.06.02 12:00:27.272,0.71805,0.71827,3.00,1.75
2017.06.02 12:00:30.214,0.71805,0.71824,2.25,1.00
2017.06.02 12:00:32.857,0.71805,0.71824,1.50,1.60
2017.06.02 12:00:32.908,0.71805,0.71822,1.00,2.25
2017.06.02 12:00:33.559,0.71805,0.71823,1.00,1.75
2017.06.02 12:00:34.085,0.71805,0.71825,1.00,1.75
2017.06.02 12:00:34.237,0.71805,0.71826,2.10,1.50
2017.06.02 12:00:34.759,0.71809,0.71826,1.00,1.50
2017.06.02 12:00:35.301,0.71809,0.71827,1.12,1.67
2017.06.02 12:00:36.201,0.71809,0.71827,1.87,1.75
2017.06.02 12:00:36.353,0.7181,0.71831,1.87,3.00
2017.06.02 12:00:36.454,0.71815,0.71831,1.00,2.25
2017.06.02 12:00:37.087,0.7181,0.71831,1.37,3.60
2017.06.02 12:00:51.368,0.7181,0.71828,1.12,1.75
2017.06.02 12:00:51.946,0.7181,0.71826,1.00,1.50
2017.06.02 12:00:52.148,0.71805,0.71824,2.25,1.00
2017.06.02 12:00:52.264,0.7181,0.71824,1.00,1.00
2017.06.02 12:00:52.785,0.7181,0.71825,1.00,1.12
2017.06.02 12:00:53.926,0.71809,0.71827,1.00,1.75
2017.06.02 12:00:54.625,0.7181,0.71828,1.00,3.00
2017.06.02 12:00:55.016,0.71805,0.71827,2.25,2.10
2017.06.02 12:00:55.544,0.71809,0.71827,1.00,2.85
2017.06.02 12:00:58.185,0.71805,0.71826,1.75,1.67
2017.06.02 12:00:58.789,0.71805,0.71825,1.75,1.72
2017.06.02 12:00:59.292,0.71804,0.71825,1.75,1.72
2017.06.02 12:01:00.923,0.71805,0.71826,1.12,2.10
2017.06.02 12:01:02.084,0.71801,0.71824,3.37,2.10
2017.06.02 12:01:02.437,0.718,0.71822,1.75,1.97
2017.06.02 12:01:02.589,0.718,0.7182,1.50,3.60
2017.06.02 12:01:05.887,0.71805,0.71823,1.00,1.75
2017.06.02 12:01:06.134,0.71805,0.71824,1.50,1.00
2017.06.02 12:01:08.668,0.71805,0.71827,2.25,1.50
2017.06.02 12:01:08.719,0.71805,0.71827,2.25,1.50
2017.06.02 12:01:09.468,0.7181,0.71827,1.00,1.50
2017.06.02 12:01:09.595,0.71805,0.71827,1.75,1.50
2017.06.02 12:01:10.014,0.71809,0.71827,1.00,1.50
2017.06.02 12:01:10.262,0.71805,0.71827,2.25,1.50
2017.06.02 12:01:10.414,0.7181,0.71829,1.50,1.75
2017.06.02 12:01:10.515,0.71811,0.71831,1.12,1.75
2017.06.02 12:01:10.616,0.71812,0.71835,1.75,3.75
2017.06.02 12:01:11.178,0.71815,0.71834,1.00,3.00
2017.06.02 12:01:14.025,0.71814,0.71834,1.12,3.00
2017.06.02 12:01:14.569,0.71815,0.71834,1.00,3.00
2017.06.02 12:01:15.147,0.71814,0.71834,1.12,2.25
2017.06.02 12:01:15.554,0.71815,0.71834,1.50,1.75
2017.06.02 12:01:19.333,0.71814,0.71836,3.75,2.25
2017.06.02 12:01:27.020,0.71815,0.71835,1.50,1.75
2017.06.02 12:01:27.215,0.71815,0.71833,1.50,1.00
2017.06.02 12:01:42.587,0.71815,0.71834,1.50,1.75
2017.06.02 12:01:43.210,0.71815,0.71833,1.00,1.37
2017.06.02 12:01:43.456,0.71813,0.71833,1.12,3.00
2017.06.02 12:01:43.891,0.71815,0.71834,1.00,2.25
2017.06.02 12:01:44.155,0.71813,0.71834,1.12,2.25
2017.06.02 12:01:45.251,0.71814,0.71834,1.00,2.25
2017.06.02 12:01:47.260,0.71813,0.71834,1.12,2.85
2017.06.02 12:01:49.576,0.71815,0.71834,1.00,2.85
2017.06.02 12:01:49.850,0.71815,0.71834,1.12,1.35
2017.06.02 12:02:05.475,0.71815,0.71837,2.25,2.62
2017.06.02 12:02:05.617,0.71815,0.71838,2.25,4.35
2017.06.02 12:02:06.412,0.7182,0.71837,1.00,1.00
2017.06.02 12:02:06.463,0.71818,0.71837,2.25,1.00
2017.06.02 12:02:06.514,0.7182,0.71837,1.00,1.00
2017.06.02 12:02:06.818,0.71819,0.71842,2.25,3.37
2017.06.02 12:02:07.121,0.71825,0.71841,1.00,1.75
2017.06.02 12:02:07.457,0.71825,0.71844,1.00,1.75
2017.06.02 12:02:07.559,0.71825,0.71846,1.50,3.00
2017.06.02 12:02:12.888,0.71825,0.71843,1.37,1.50
2017.06.02 12:02:13.115,0.71824,0.71843,1.87,1.75
2017.06.02 12:02:14.642,0.71825,0.71845,1.00,2.85
2017.06.02 12:02:15.695,0.71822,0.71844,2.25,2.25
2017.06.02 12:02:19.174,0.71825,0.71844,1.00,2.25
2017.06.02 12:02:20.944,0.71823,0.71845,1.50,4.35
2017.06.02 12:02:21.816,0.71825,0.71843,1.00,1.75
2017.06.02 12:02:22.598,0.71821,0.71844,2.25,1.75
2017.06.02 12:02:22.750,0.71821,0.71839,1.75,1.72
2017.06.02 12:02:22.851,0.71818,0.71837,1.00,1.00
2017.06.02 12:02:23.835,0.7182,0.71837,1.00,1.00
2017.06.02 12:02:24.333,0.71818,0.71837,1.00,1.00
2017.06.02 12:02:25.334,0.71819,0.71837,1.00,1.00
2017.06.02 12:02:26.414,0.7182,0.71837,1.00,1.00
2017.06.02 12:02:30.060,0.71818,0.71837,1.00,1.50
2017.06.02 12:02:30.324,0.7182,0.71836,1.00,1.00
2017.06.02 12:02:30.425,0.71818,0.71836,1.00,1.00
2017.06.02 12:02:30.986,0.71818,0.71837,1.00,1.00
2017.06.02 12:02:32.263,0.7182,0.71837,1.00,1.00
2017.06.02 12:02:33.360,0.71818,0.71837,1.00,1.00
2017.06.02 12:02:33.849,0.7182,0.71837,1.00,1.00
2017.06.02 12:02:39.301,0.71825,0.71837,1.00,1.00
2017.06.02 12:02:39.352,0.7182,0.71837,1.00,1.00
2017.06.02 12:02:40.101,0.7182,0.71838,1.12,1.75
2017.06.02 12:02:40.690,0.7182,0.71838,1.50,1.12
2017.06.02 12:02:43.016,0.71825,0.71843,1.00,4.12
2017.06.02 12:02:43.118,0.71825,0.71844,1.00,1.75
2017.06.02 12:02:43.219,0.71825,0.71845,1.37,1.50
2017.06.02 12:02:44.625,0.71825,0.71844,1.00,3.00
2017.06.02 12:02:45.172,0.71821,0.71844,2.10,1.75
2017.06.02 12:02:46.117,0.71825,0.71844,1.00,3.37
2017.06.02 12:02:48.515,0.71821,0.71843,1.75,1.75
2017.06.02 12:02:52.195,0.71821,0.7184,1.75,1.00
2017.06.02 12:02:52.701,0.71821,0.71842,1.75,2.25
2017.06.02 12:03:02.825,0.7182,0.71838,1.75,1.60
2017.06.02 12:03:02.876,0.7182,0.71838,1.37,1.67
2017.06.02 12:03:02.977,0.71818,0.7184,2.25,5.10
2017.06.02 12:03:03.078,0.71818,0.7184,2.25,5.10
2017.06.02 12:03:03.710,0.7182,0.71839,1.50,1.30
2017.06.02 12:03:07.456,0.71819,0.71837,1.75,1.00
2017.06.02 12:03:07.671,0.71815,0.71837,1.50,2.25
2017.06.02 12:03:07.721,0.7182,0.71837,1.00,1.75
2017.06.02 12:03:07.822,0.71816,0.71839,1.87,4.50
2017.06.02 12:03:07.873,0.71816,0.71839,2.25,5.25
2017.06.02 12:03:07.974,0.71816,0.71839,1.75,2.25
2017.06.02 12:03:09.520,0.7182,0.71841,1.12,2.25
2017.06.02 12:03:09.571,0.7182,0.71841,1.50,2.25
2017.06.02 12:03:10.434,0.71817,0.71836,1.75,2.10
2017.06.02 12:03:10.687,0.71812,0.71834,1.50,2.25
2017.06.02 12:03:10.853,0.71811,0.71833,1.75,1.50
2017.06.02 12:03:11.596,0.7181,0.71833,3.00,1.75
2017.06.02 12:03:13.117,0.71815,0.71832,1.00,3.75
2017.06.02 12:03:14.295,0.7181,0.71832,2.25,2.25
2017.06.02 12:03:16.612,0.7181,0.71831,1.12,1.75
2017.06.02 12:03:17.681,0.7181,0.71829,1.12,2.47
2017.06.02 12:03:18.729,0.7181,0.71829,1.12,1.72
2017.06.02 12:03:18.935,0.71807,0.71827,2.25,2.10
2017.06.02 12:03:19.187,0.71806,0.71825,1.00,1.00
2017.06.02 12:03:20.988,0.71807,0.71825,1.00,1.00
2017.06.02 12:03:21.089,0.71807,0.71829,2.25,4.50
2017.06.02 12:03:21.190,0.7181,0.71829,1.12,4.50
2017.06.02 12:03:23.199,0.7181,0.71827,1.00,1.72
2017.06.02 12:03:23.250,0.71805,0.71826,2.25,1.50
2017.06.02 12:03:23.301,0.71805,0.71826,2.25,1.75
2017.06.02 12:03:24.479,0.71809,0.71826,1.00,2.25
2017.06.02 12:03:24.631,0.71809,0.71826,1.00,1.00
2017.06.02 12:03:24.732,0.71809,0.7183,1.37,2.25
2017.06.02 12:03:24.783,0.71811,0.71829,1.00,1.00
2017.06.02 12:03:31.313,0.71811,0.71829,1.00,4.35
2017.06.02 12:03:31.464,0.71811,0.71826,1.00,1.00
2017.06.02 12:03:31.762,0.71805,0.71826,1.75,1.12
2017.06.02 12:03:34.191,0.7181,0.71828,1.00,2.25
2017.06.02 12:03:34.348,0.7181,0.71828,1.37,1.87
2017.06.02 12:03:34.449,0.71812,0.7183,1.00,1.50
2017.06.02 12:03:35.089,0.71812,0.71829,1.00,1.00
2017.06.02 12:03:35.805,0.71812,0.7183,1.00,1.50
2017.06.02 12:03:37.119,0.71812,0.71829,1.00,1.00
2017.06.02 12:03:38.374,0.71812,0.7183,1.00,1.50
2017.06.02 12:03:38.608,0.71811,0.7183,1.75,1.00
2017.06.02 12:03:39.455,0.7181,0.71827,2.25,1.00
2017.06.02 12:03:39.742,0.7181,0.71826,1.00,1.37
2017.06.02 12:03:39.793,0.71805,0.71824,1.75,1.00
2017.06.02 12:03:40.329,0.71807,0.71828,1.00,2.25
2017.06.02 12:03:40.430,0.71804,0.71827,3.00,1.75
2017.06.02 12:03:40.531,0.71804,0.71827,3.00,1.75
2017.06.02 12:03:43.841,0.7181,0.7183,1.00,3.37
2017.06.02 12:03:43.942,0.71808,0.7183,1.67,3.00
2017.06.02 12:04:04.617,0.7181,0.7183,1.00,1.75
2017.06.02 12:04:04.769,0.71812,0.71831,1.12,1.35
2017.06.02 12:04:04.871,0.7181,0.71829,1.12,1.50
2017.06.02 12:04:05.205,0.71806,0.71829,3.37,1.12
2017.06.02 12:04:05.306,0.71809,0.71828,1.00,1.00
2017.06.02 12:04:10.106,0.7181,0.71828,1.00,1.00
2017.06.02 12:04:10.737,0.71809,0.71828,1.00,1.00
2017.06.02 12:04:17.066,0.71809,0.71828,1.00,1.60
2017.06.02 12:04:17.610,0.71809,0.71828,1.00,1.35
2017.06.02 12:04:20.828,0.7181,0.71828,1.00,1.00
2017.06.02 12:04:21.349,0.71811,0.71832,1.75,1.75
2017.06.02 12:04:22.313,0.7181,0.71832,1.50,3.00
2017.06.02 12:04:40.591,0.71812,0.71833,1.12,3.97
2017.06.02 12:04:40.642,0.71813,0.71831,1.00,1.00
2017.06.02 12:04:40.977,0.71813,0.71832,1.37,1.67
2017.06.02 12:04:41.280,0.71814,0.71835,2.25,2.10
2017.06.02 12:04:41.331,0.71814,0.71835,2.25,2.47
2017.06.02 12:04:41.890,0.71811,0.71835,2.62,4.72
2017.06.02 12:04:42.042,0.7181,0.71832,2.25,1.67
2017.06.02 12:04:43.242,0.71813,0.71833,2.25,1.12
2017.06.02 12:04:44.302,0.71814,0.71836,1.75,1.67
2017.06.02 12:04:44.353,0.71814,0.71836,1.75,1.67
2017.06.02 12:04:59.913,0.71815,0.71835,1.87,1.67
2017.06.02 12:04:59.964,0.71815,0.71833,1.00,1.00
2017.06.02 12:05:00.378,0.71815,0.71835,1.75,2.25
2017.06.02 12:05:04.156,0.71815,0.71833,1.75,1.60
2017.06.02 12:05:04.409,0.7181,0.71833,1.50,4.35
2017.06.02 12:05:04.611,0.7181,0.7183,1.12,1.75
2017.06.02 12:05:04.997,0.71811,0.71832,1.30,1.75
2017.06.02 12:05:07.080,0.71812,0.71833,1.00,1.75
2017.06.02 12:05:07.131,0.71812,0.71833,1.37,1.50
2017.06.02 12:05:07.182,0.71812,0.71833,1.75,1.50
2017.06.02 12:05:07.849,0.71809,0.71832,4.12,2.25
2017.06.02 12:05:08.007,0.7181,0.71832,1.75,2.25
2017.06.02 12:05:08.209,0.71811,0.71833,2.10,1.12
2017.06.02 12:05:14.859,0.71813,0.71835,2.10,1.50
2017.06.02 12:05:15.417,0.71813,0.71835,1.75,2.25
2017.06.02 12:05:40.328,0.71815,0.71833,1.75,1.12
2017.06.02 12:05:40.480,0.7181,0.71831,1.75,2.25
2017.06.02 12:05:40.530,0.7181,0.71831,1.75,3.60
2017.06.02 12:05:40.833,0.7181,0.71829,1.12,1.50
2017.06.02 12:05:41.368,0.71807,0.71829,1.75,2.85
2017.06.02 12:05:41.710,0.71805,0.71824,1.75,2.10
2017.06.02 12:05:41.811,0.718,0.71821,1.12,2.25
2017.06.02 12:05:41.861,0.718,0.71822,1.37,2.85
2017.06.02 12:05:41.912,0.718,0.71818,1.00,1.00
2017.06.02 12:05:44.200,0.71805,0.71818,1.00,1.00
2017.06.02 12:05:44.301,0.71805,0.71825,1.00,1.75
2017.06.02 12:05:45.741,0.71805,0.71825,1.37,1.75
2017.06.02 12:05:46.320,0.71805,0.71825,1.75,1.75
2017.06.02 12:05:48.498,0.718,0.71821,1.87,2.85
2017.06.02 12:05:49.329,0.71804,0.71821,1.00,2.25
2017.06.02 12:05:49.926,0.7181,0.71823,1.00,4.12
2017.06.02 12:05:50.027,0.7181,0.71826,1.00,1.75
2017.06.02 12:05:51.032,0.71809,0.71826,1.00,1.75
2017.06.02 12:05:51.083,0.71805,0.71826,1.87,1.75
2017.06.02 12:05:51.300,0.7181,0.71826,1.00,1.75
2017.06.02 12:05:54.539,0.71805,0.71826,2.62,1.75
2017.06.02 12:05:54.766,0.71809,0.71826,1.00,1.75
2017.06.02 12:05:54.964,0.71805,0.71826,1.87,1.75
2017.06.02 12:05:55.276,0.71805,0.71825,1.50,1.50
2017.06.02 12:05:57.212,0.718,0.71821,4.12,1.12
2017.06.02 12:05:57.264,0.718,0.7182,1.75,1.12
2017.06.02 12:05:57.315,0.718,0.7182,1.37,1.50
2017.06.02 12:05:57.366,0.718,0.7182,1.12,1.75
2017.06.02 12:05:59.112,0.718,0.71822,1.50,4.12
2017.06.02 12:05:59.168,0.718,0.71822,1.75,2.25
2017.06.02 12:05:59.219,0.71805,0.71822,1.00,2.25
2017.06.02 12:05:59.471,0.718,0.71822,1.75,3.60
2017.06.02 12:06:02.510,0.71805,0.71822,1.00,1.35
2017.06.02 12:06:02.997,0.71805,0.71827,1.87,1.87
2017.06.02 12:06:03.098,0.71806,0.71824,1.00,1.00
2017.06.02 12:06:06.441,0.71805,0.71825,1.37,2.25
2017.06.02 12:06:07.814,0.71805,0.71825,1.12,2.25
2017.06.02 12:06:10.720,0.71805,0.71823,1.00,2.10
2017.06.02 12:06:10.776,0.71802,0.71823,1.12,2.10
2017.06.02 12:06:10.981,0.71805,0.71823,1.00,2.10
2017.06.02 12:06:11.524,0.71805,0.71827,1.12,3.37
2017.06.02 12:06:14.226,0.71805,0.71826,2.25,2.25
2017.06.02 12:06:18.040,0.71805,0.71826,1.75,1.72
2017.06.02 12:06:18.141,0.71806,0.71824,1.00,1.00
2017.06.02 12:06:22.502,0.7181,0.71828,1.00,1.75
2017.06.02 12:06:22.854,0.71806,0.71828,3.00,1.75
2017.06.02 12:06:23.159,0.7181,0.71827,1.00,2.10
2017.06.02 12:06:23.361,0.7181,0.71828,1.12,2.10
2017.06.02 12:06:29.240,0.7181,0.71828,1.37,1.72
2017.06.02 12:06:30.709,0.71811,0.71828,1.00,1.60
2017.06.02 12:06:31.246,0.7181,0.71826,1.12,2.10
2017.06.02 12:06:31.297,0.71806,0.71825,1.75,3.60
2017.06.02 12:06:31.347,0.71806,0.71823,1.75,1.60
2017.06.02 12:06:31.449,0.718,0.71822,4.87,1.60
2017.06.02 12:06:31.550,0.71804,0.7182,1.00,1.35
2017.06.02 12:06:31.662,0.718,0.7182,1.75,1.50
2017.06.02 12:06:32.029,0.71805,0.7182,1.00,1.67
2017.06.02 12:06:33.579,0.71799,0.71821,1.75,2.85
2017.06.02 12:06:34.836,0.71805,0.71822,1.00,1.35
2017.06.02 12:06:34.976,0.71805,0.71822,1.12,1.30
2017.06.02 12:06:35.374,0.71801,0.7182,2.25,1.00
2017.06.02 12:06:36.256,0.71804,0.71822,1.50,1.30
2017.06.02 12:06:36.579,0.71806,0.71824,1.00,1.35
2017.06.02 12:06:41.026,0.71806,0.71824,1.00,1.60
2017.06.02 12:06:41.545,0.71805,0.71824,1.12,1.35
2017.06.02 12:06:41.646,0.71806,0.71826,1.87,2.10
2017.06.02 12:06:41.797,0.71809,0.71827,1.00,1.35
2017.06.02 12:06:42.348,0.7181,0.71829,1.50,2.85
2017.06.02 12:06:42.515,0.7181,0.71829,1.50,1.00
2017.06.02 12:06:45.760,0.71815,0.71829,1.00,1.00
2017.06.02 12:06:45.911,0.71815,0.71835,1.12,5.85
2017.06.02 12:06:46.450,0.71815,0.71835,1.37,2.47
2017.06.02 12:06:46.500,0.71817,0.71835,1.00,2.10
2017.06.02 12:06:46.652,0.7182,0.71835,1.00,1.00
2017.06.02 12:06:47.049,0.71817,0.71835,1.00,1.00
2017.06.02 12:06:47.559,0.71817,0.71837,1.75,1.00
2017.06.02 12:06:49.443,0.71815,0.71835,2.25,1.00
2017.06.02 12:06:50.015,0.71814,0.71834,1.75,1.50
2017.06.02 12:06:50.704,0.71815,0.71835,1.75,1.30
2017.06.02 12:06:51.352,0.71815,0.71836,1.75,1.97
2017.06.02 12:06:52.886,0.71813,0.71833,1.75,2.85
2017.06.02 12:06:53.196,0.71815,0.71831,1.00,3.60
2017.06.02 12:06:53.247,0.71813,0.7183,1.00,1.60
2017.06.02 12:06:53.828,0.71813,0.71829,1.00,1.60
2017.06.02 12:06:54.181,0.71813,0.71829,1.00,1.35
2017.06.02 12:06:54.610,0.7181,0.71828,1.37,1.30
2017.06.02 12:06:55.310,0.71812,0.71831,1.00,2.10
2017.06.02 12:06:56.221,0.71812,0.71829,1.00,1.00
2017.06.02 12:06:57.696,0.71812,0.7183,1.00,1.00
2017.06.02 12:06:58.015,0.71815,0.71831,1.00,2.25
2017.06.02 12:06:59.050,0.71812,0.71831,1.00,1.00
2017.06.02 12:06:59.254,0.71812,0.71831,1.00,1.60
2017.06.02 12:07:02.200,0.71812,0.7183,1.00,1.00
2017.06.02 12:07:03.380,0.71812,0.7183,1.00,1.60
2017.06.02 12:07:03.734,0.71811,0.71825,1.00,1.35
2017.06.02 12:07:03.835,0.71805,0.71825,3.00,1.12
2017.06.02 12:07:04.202,0.71808,0.7183,1.37,2.25
2017.06.02 12:07:04.894,0.7181,0.7183,1.75,1.35
2017.06.02 12:07:07.918,0.71811,0.71832,2.25,2.62
2017.06.02 12:07:13.965,0.71815,0.71832,1.00,1.50
2017.06.02 12:07:14.167,0.71815,0.71835,1.50,2.10
2017.06.02 12:07:14.330,0.71815,0.71835,1.00,5.10
2017.06.02 12:07:15.554,0.71814,0.71835,1.12,4.35
2017.06.02 12:07:16.752,0.71815,0.71836,1.50,1.75
2017.06.02 12:07:17.054,0.71814,0.71833,1.75,1.60
2017.06.02 12:07:17.256,0.7181,0.71833,2.25,2.10
2017.06.02 12:07:17.874,0.71811,0.71831,2.25,1.30
2017.06.02 12:07:19.326,0.7181,0.71832,2.25,1.97
2017.06.02 12:07:19.427,0.7181,0.7183,1.75,3.97
2017.06.02 12:07:19.614,0.7181,0.71828,1.37,2.85
2017.06.02 12:07:20.025,0.7181,0.71831,1.37,1.35
2017.06.02 12:07:20.076,0.7181,0.71831,1.75,1.35
2017.06.02 12:07:25.636,0.71808,0.7183,2.62,1.50
2017.06.02 12:07:26.193,0.71807,0.7183,2.25,1.75
2017.06.02 12:07:30.575,0.71808,0.7183,1.75,1.50
2017.06.02 12:07:43.171,0.71811,0.71833,2.25,1.87
2017.06.02 12:07:43.260,0.71811,0.71833,2.25,1.87
2017.06.02 12:07:45.112,0.71813,0.71835,1.75,3.00
2017.06.02 12:07:45.563,0.71815,0.71835,2.25,1.87
2017.06.02 12:07:46.297,0.71815,0.71831,2.25,1.00
2017.06.02 12:07:46.347,0.71812,0.71835,2.62,1.12
2017.06.02 12:07:46.398,0.71812,0.71835,2.62,1.50
2017.06.02 12:07:46.465,0.71811,0.71835,2.85,1.75
2017.06.02 12:07:51.027,0.71812,0.7183,2.25,1.00
2017.06.02 12:07:51.128,0.71812,0.71833,2.25,1.50
2017.06.02 12:07:51.374,0.7181,0.7183,5.62,1.00
2017.06.02 12:07:51.424,0.71813,0.7183,1.00,1.00
2017.06.02 12:07:55.395,0.71813,0.71825,1.00,1.00
2017.06.02 12:07:55.445,0.71807,0.71825,3.00,1.00
2017.06.02 12:07:55.597,0.71803,0.71824,2.62,1.35
2017.06.02 12:07:55.698,0.71801,0.71823,2.62,1.35
2017.06.02 12:07:56.245,0.71801,0.7182,2.62,1.00
2017.06.02 12:07:56.933,0.718,0.71823,3.00,2.25
2017.06.02 12:08:09.120,0.718,0.71824,2.25,2.10
2017.06.02 12:08:10.681,0.718,0.7182,1.75,1.00
2017.06.02 12:08:13.704,0.71801,0.71823,1.75,1.50
2017.06.02 12:08:31.559,0.71805,0.71825,2.10,1.75
2017.06.02 12:08:34.964,0.71805,0.71826,1.50,1.50
2017.06.02 12:08:40.373,0.71806,0.71829,2.85,4.12
2017.06.02 12:08:40.890,0.7181,0.71829,1.00,1.00
2017.06.02 12:08:42.499,0.71809,0.7183,1.75,1.50
2017.06.02 12:08:48.293,0.71813,0.71835,1.72,2.25
2017.06.02 12:08:48.395,0.71814,0.71835,3.00,2.25
2017.06.02 12:08:49.209,0.71814,0.71835,3.00,1.50
2017.06.02 12:08:49.721,0.71816,0.71835,1.75,1.00
2017.06.02 12:08:51.628,0.71816,0.7183,1.75,1.00
2017.06.02 12:08:51.956,0.71813,0.71831,3.00,1.00
2017.06.02 12:08:52.008,0.71813,0.71831,1.75,1.00
2017.06.02 12:08:52.926,0.71813,0.71831,1.75,1.00
2017.06.02 12:08:53.537,0.71812,0.7183,1.75,1.00
2017.06.02 12:08:54.082,0.71811,0.7183,1.75,1.12
2017.06.02 12:09:00.135,0.7181,0.7183,3.00,1.50
2017.06.02 12:09:01.780,0.71814,0.71832,1.00,1.75
2017.06.02 12:09:01.831,0.7181,0.71832,3.00,1.75
2017.06.02 12:09:11.537,0.7181,0.71832,3.00,1.75
2017.06.02 12:09:15.378,0.7181,0.71832,1.50,2.25
2017.06.02 12:09:15.428,0.7181,0.71832,2.25,3.00
2017.06.02 12:09:15.970,0.7181,0.71831,2.85,1.50
2017.06.02 12:09:16.138,0.7181,0.71834,1.75,2.25
2017.06.02 12:09:24.601,0.71815,0.71833,1.00,1.75
2017.06.02 12:09:24.913,0.71811,0.71833,2.85,1.75
2017.06.02 12:09:26.519,0.71815,0.71833,1.00,1.75
2017.06.02 12:09:26.805,0.71812,0.71833,1.50,1.75
2017.06.02 12:09:27.220,0.71816,0.71834,1.00,1.75
2017.06.02 12:09:27.472,0.71815,0.71834,1.37,1.37
2017.06.02 12:09:27.573,0.71815,0.71834,1.37,2.25
2017.06.02 12:09:28.155,0.71815,0.71834,1.00,2.25
2017.06.02 12:09:28.780,0.71814,0.71834,1.87,2.25
2017.06.02 12:09:29.933,0.71815,0.71834,1.00,2.25
2017.06.02 12:09:30.450,0.71812,0.71833,1.75,1.75
2017.06.02 12:09:33.185,0.71811,0.7183,1.00,1.00
2017.06.02 12:09:33.236,0.71811,0.71828,1.00,1.00
2017.06.02 12:09:33.537,0.71809,0.7183,1.12,2.25
2017.06.02 12:09:33.840,0.7181,0.71831,1.50,1.75
2017.06.02 12:09:33.890,0.7181,0.71832,2.25,3.00
2017.06.02 12:09:36.263,0.71812,0.71834,1.37,1.75
2017.06.02 12:09:36.938,0.71812,0.71832,1.50,1.37
2017.06.02 12:09:38.010,0.7181,0.71827,1.75,1.00
2017.06.02 12:09:38.212,0.71806,0.71827,1.75,1.50
2017.06.02 12:09:38.473,0.71805,0.71826,1.75,3.22
2017.06.02 12:09:38.524,0.71805,0.71826,1.50,3.60
2017.06.02 12:09:40.206,0.7181,0.71826,1.00,1.75
2017.06.02 12:09:40.829,0.71805,0.71826,2.25,1.75
2017.06.02 12:09:41.091,0.7181,0.71826,1.00,1.75
2017.06.02 12:09:41.214,0.71805,0.71826,2.25,1.75
2017.06.02 12:09:42.065,0.71807,0.71826,1.00,1.75
2017.06.02 12:09:43.064,0.71806,0.71826,1.12,1.75
2017.06.02 12:09:44.963,0.71807,0.71826,1.00,1.75
2017.06.02 12:09:46.844,0.71806,0.71827,1.12,1.75
2017.06.02 12:09:50.543,0.71807,0.71826,1.00,2.25
2017.06.02 12:09:51.045,0.71805,0.71826,2.25,2.25
2017.06.02 12:09:51.197,0.71805,0.71826,2.25,2.25
2017.06.02 12:09:51.550,0.7181,0.71828,1.00,2.10
2017.06.02 12:09:51.914,0.71806,0.71828,1.50,2.85
2017.06.02 12:09:52.153,0.7181,0.71828,1.00,2.25
2017.06.02 12:09:52.407,0.71813,0.71831,1.00,1.00
2017.06.02 12:09:53.331,0.71815,0.71835,1.12,2.10
2017.06.02 12:09:54.099,0.71815,0.71835,1.50,1.35
2017.06.02 12:10:04.613,0.71813,0.71835,1.75,2.25
2017.06.02 12:10:05.125,0.71814,0.71835,1.12,3.00
2017.06.02 12:10:06.039,0.71812,0.71833,3.00,1.50
2017.06.02 12:10:06.217,0.71813,0.71833,1.50,3.00
2017.06.02 12:10:06.429,0.71815,0.71833,1.12,2.25
2017.06.02 12:10:10.739,0.71815,0.71834,1.35,1.00
2017.06.02 12:10:11.343,0.71815,0.71834,2.85,1.00
2017.06.02 12:10:12.016,0.71815,0.71834,2.10,1.00
2017.06.02 12:10:12.615,0.71815,0.71834,2.85,1.00
2017.06.02 12:10:14.033,0.71815,0.71834,2.85,1.00
2017.06.02 12:10:16.119,0.71815,0.71834,2.10,1.00
2017.06.02 12:10:20.515,0.7182,0.71834,1.00,1.00
2017.06.02 12:10:21.606,0.71816,0.71834,1.35,1.00
2017.06.02 12:10:27.091,0.71816,0.71835,2.10,1.00
2017.06.02 12:10:27.199,0.7182,0.71835,1.00,1.00
2017.06.02 12:10:27.250,0.71816,0.71835,1.00,1.50
2017.06.02 12:10:35.807,0.71816,0.71834,1.00,1.00
2017.06.02 12:10:36.775,0.71816,0.71835,1.00,1.50
2017.06.02 12:10:38.475,0.71816,0.71833,1.00,2.25
2017.06.02 12:10:38.777,0.7181,0.71833,1.75,2.10
2017.06.02 12:10:43.935,0.71815,0.71832,1.00,2.25
2017.06.02 12:10:44.882,0.71815,0.71831,1.00,3.00
2017.06.02 12:10:44.933,0.71811,0.71833,2.10,2.62
2017.06.02 12:10:45.064,0.7181,0.71834,2.47,3.37
2017.06.02 12:10:45.115,0.7181,0.71832,1.37,1.75
2017.06.02 12:10:46.440,0.71813,0.71831,1.00,1.00
2017.06.02 12:10:50.222,0.7181,0.71831,1.75,1.75
2017.06.02 12:11:02.418,0.71814,0.71833,2.85,1.75
2017.06.02 12:11:02.569,0.71814,0.71837,4.35,4.12
2017.06.02 12:11:02.670,0.71816,0.71837,1.35,2.25
2017.06.02 12:11:02.980,0.71814,0.71835,1.75,1.75
2017.06.02 12:11:03.249,0.71814,0.71832,1.00,1.00
2017.06.02 12:11:03.465,0.71814,0.71834,1.50,1.50
2017.06.02 12:11:05.834,0.71817,0.71838,1.35,2.62
2017.06.02 12:11:05.935,0.71819,0.7184,1.30,1.75
2017.06.02 12:11:06.037,0.7182,0.71842,1.75,2.85
2017.06.02 12:11:07.962,0.71817,0.71839,2.25,2.25
2017.06.02 12:11:08.482,0.7182,0.7184,1.00,2.25
2017.06.02 12:11:09.313,0.71821,0.71842,1.00,2.62
2017.06.02 12:11:09.364,0.71821,0.7184,1.50,1.00
2017.06.02 12:11:09.465,0.71823,0.71842,1.00,1.00
2017.06.02 12:11:16.264,0.71824,0.71842,1.00,1.00
2017.06.02 12:11:17.141,0.71825,0.71842,1.00,1.00
2017.06.02 12:11:17.673,0.71827,0.71842,2.10,1.00
2017.06.02 12:11:17.976,0.71844,0.71856,1.00,1.50
2017.06.02 12:11:18.178,0.71847,0.71864,1.00,1.35
2017.06.02 12:11:18.229,0.71845,0.71864,1.00,1.35
2017.06.02 12:11:18.368,0.71845,0.71865,1.37,1.35
2017.06.02 12:11:19.600,0.71843,0.71861,1.00,1.00
2017.06.02 12:11:22.644,0.71843,0.7186,1.00,1.60
2017.06.02 12:11:22.946,0.71835,0.71854,1.00,1.75
2017.06.02 12:11:23.939,0.71829,0.71849,3.37,1.50
2017.06.02 12:11:24.092,0.71828,0.71849,1.37,2.25
2017.06.02 12:11:24.579,0.71825,0.71847,2.25,1.75
2017.06.02 12:11:24.796,0.71825,0.71843,2.25,1.00
2017.06.02 12:11:24.897,0.71824,0.71846,3.00,2.25
2017.06.02 12:11:27.914,0.7183,0.71847,1.00,2.25
2017.06.02 12:11:28.126,0.71825,0.71845,1.50,1.37
2017.06.02 12:11:31.906,0.71825,0.71844,1.12,1.75
2017.06.02 12:11:32.295,0.71825,0.71841,1.00,1.37
2017.06.02 12:11:32.598,0.71825,0.71838,1.00,2.25
2017.06.02 12:11:32.700,0.7182,0.71838,1.00,2.25
2017.06.02 12:11:36.925,0.71825,0.71838,1.00,1.75
2017.06.02 12:11:37.127,0.71825,0.71845,1.00,1.75
2017.06.02 12:11:37.228,0.71823,0.71845,2.25,2.25
2017.06.02 12:11:37.724,0.7182,0.7184,2.85,1.12
2017.06.02 12:11:38.026,0.7182,0.71836,1.00,1.00
2017.06.02 12:11:44.025,0.71817,0.71836,1.50,1.00
2017.06.02 12:11:45.614,0.7182,0.71836,1.00,1.00
2017.06.02 12:11:46.915,0.71817,0.71836,1.50,1.00
2017.06.02 12:11:47.520,0.7182,0.71836,1.00,1.00
2017.06.02 12:11:48.367,0.71817,0.71836,1.00,1.00
2017.06.02 12:11:51.905,0.71817,0.71832,1.00,1.00
2017.06.02 12:11:52.006,0.71814,0.71832,1.00,2.25
2017.06.02 12:11:52.056,0.7181,0.71831,1.75,2.62
2017.06.02 12:11:52.107,0.7181,0.71829,1.37,1.50
2017.06.02 12:11:52.158,0.71814,0.71829,1.00,1.50
2017.06.02 12:11:52.208,0.7181,0.71826,1.00,1.00
2017.06.02 12:11:52.259,0.71814,0.71829,1.12,1.37
2017.06.02 12:11:52.310,0.71814,0.7183,1.12,1.12
2017.06.02 12:11:52.360,0.71814,0.7183,1.00,1.37
2017.06.02 12:11:52.630,0.7181,0.7183,1.75,1.75
2017.06.02 12:11:52.731,0.7181,0.7183,1.50,3.00
2017.06.02 12:11:53.263,0.7181,0.71828,1.00,2.25
2017.06.02 12:11:55.107,0.7181,0.71828,1.00,1.75
2017.06.02 12:11:56.625,0.71809,0.71828,1.00,1.75
2017.06.02 12:11:57.185,0.7181,0.71828,1.00,1.75
2017.06.02 12:11:59.316,0.71809,0.71829,1.00,1.75
2017.06.02 12:12:00.782,0.71809,0.7183,1.12,1.75
2017.06.02 12:12:00.833,0.71809,0.71828,1.50,1.00
2017.06.02 12:12:07.017,0.71805,0.71826,2.25,1.37
2017.06.02 12:12:07.068,0.71805,0.71824,3.00,1.00
2017.06.02 12:12:07.118,0.7181,0.71827,1.00,1.75
2017.06.02 12:12:07.720,0.7181,0.71827,1.00,1.75
2017.06.02 12:12:17.353,0.71805,0.71828,3.97,2.25
2017.06.02 12:12:17.717,0.7181,0.71828,1.00,2.25
2017.06.02 12:12:17.768,0.71805,0.71828,3.37,2.25
2017.06.02 12:12:21.072,0.7181,0.71828,1.00,2.25
2017.06.02 12:12:21.532,0.71805,0.71828,3.97,2.25
2017.06.02 12:12:25.414,0.7181,0.71828,1.00,2.25
2017.06.02 12:12:25.960,0.71807,0.71828,1.35,1.75
2017.06.02 12:12:28.762,0.71809,0.71828,1.00,1.75
2017.06.02 12:12:30.505,0.71805,0.71828,2.10,1.75
2017.06.02 12:12:33.378,0.71801,0.71822,1.75,1.50
2017.06.02 12:12:33.680,0.718,0.7182,1.75,2.10
2017.06.02 12:12:34.459,0.71795,0.71818,4.12,1.37
2017.06.02 12:12:34.510,0.71795,0.71817,2.25,1.75
2017.06.02 12:12:34.968,0.71795,0.71815,2.25,1.50
2017.06.02 12:12:37.477,0.71795,0.71813,1.75,1.00
2017.06.02 12:12:37.986,0.71795,0.71814,1.75,1.12
2017.06.02 12:12:39.905,0.71795,0.71812,1.75,1.00
2017.06.02 12:12:41.053,0.71795,0.71814,1.75,1.12
2017.06.02 12:12:41.104,0.71795,0.71813,1.00,1.50
2017.06.02 12:12:41.205,0.71794,0.71811,1.00,1.00
2017.06.02 12:12:41.356,0.71792,0.7181,1.00,1.00
2017.06.02 12:12:41.407,0.7179,0.71808,1.50,1.12
2017.06.02 12:12:43.402,0.7179,0.71807,1.00,1.00
2017.06.02 12:12:46.670,0.71788,0.71807,1.00,1.50
2017.06.02 12:12:48.119,0.7179,0.71807,1.00,1.00
2017.06.02 12:12:50.323,0.71788,0.71807,1.00,1.50
2017.06.02 12:12:50.424,0.7179,0.71806,1.00,1.00
2017.06.02 12:12:51.473,0.7179,0.71807,1.00,1.50
2017.06.02 12:12:52.047,0.71789,0.71807,1.00,1.50
2017.06.02 12:12:52.643,0.7179,0.71807,1.00,1.50
2017.06.02 12:12:52.872,0.71788,0.71807,1.00,1.50
2017.06.02 12:12:52.923,0.7179,0.71806,1.00,1.00
2017.06.02 12:12:53.256,0.71788,0.71807,1.00,1.50
2017.06.02 12:12:53.700,0.71793,0.71807,1.00,1.00
2017.06.02 12:12:53.852,0.71794,0.71813,1.75,1.12
2017.06.02 12:12:53.953,0.71791,0.71811,3.37,1.00
2017.06.02 12:12:54.054,0.7179,0.71812,1.75,1.37
2017.06.02 12:12:54.205,0.7179,0.71811,2.62,1.50
2017.06.02 12:12:55.201,0.7179,0.71812,3.37,1.50
2017.06.02 12:12:55.252,0.71791,0.71813,2.62,2.25
2017.06.02 12:12:55.539,0.7179,0.7181,2.25,1.75
2017.06.02 12:12:55.849,0.71795,0.7181,1.00,1.75
2017.06.02 12:12:57.015,0.71789,0.7181,1.75,1.75
2017.06.02 12:12:58.176,0.71792,0.7181,1.00,1.75
2017.06.02 12:13:00.281,0.71796,0.71811,1.00,2.25
2017.06.02 12:13:00.434,0.71795,0.71814,1.87,1.75
2017.06.02 12:13:00.712,0.718,0.71815,1.00,1.75
2017.06.02 12:13:00.814,0.71795,0.71815,1.12,1.75
2017.06.02 12:13:01.718,0.718,0.71816,1.00,2.25
2017.06.02 12:13:01.926,0.71794,0.71813,1.50,1.50
2017.06.02 12:13:04.016,0.71799,0.71813,1.00,1.50
2017.06.02 12:13:04.117,0.71799,0.71814,1.00,1.12
2017.06.02 12:13:04.896,0.718,0.71814,1.00,1.12
2017.06.02 12:13:05.719,0.71795,0.71814,1.75,1.12
2017.06.02 12:13:06.835,0.718,0.71814,1.00,1.12
2017.06.02 12:13:06.886,0.71794,0.71814,2.25,1.12
2017.06.02 12:13:07.037,0.71795,0.71813,1.00,1.00
2017.06.02 12:13:10.455,0.71795,0.71814,1.50,2.10
2017.06.02 12:13:10.556,0.71795,0.71813,1.50,1.60
2017.06.02 12:13:11.059,0.71795,0.71813,1.50,1.35
2017.06.02 12:13:11.709,0.71795,0.71813,1.50,1.60
2017.06.02 12:13:15.309,0.71795,0.71813,1.00,1.35
2017.06.02 12:13:15.728,0.71795,0.71813,1.50,1.60
2017.06.02 12:13:16.830,0.71795,0.71809,1.00,1.00
2017.06.02 12:13:16.931,0.71786,0.71807,2.62,1.50
2017.06.02 12:13:17.032,0.71785,0.71806,3.37,1.37
2017.06.02 12:13:17.083,0.71785,0.71806,2.62,3.22
2017.06.02 12:13:17.339,0.71784,0.71802,1.12,1.37
2017.06.02 12:13:17.850,0.71781,0.718,1.75,1.00
2017.06.02 12:13:18.243,0.71785,0.71803,1.50,1.00
2017.06.02 12:13:21.048,0.71785,0.71802,1.00,1.00
2017.06.02 12:13:22.377,0.71785,0.718,1.00,1.00
2017.06.02 12:13:22.884,0.7178,0.718,3.00,1.00
2017.06.02 12:13:23.426,0.7178,0.71801,1.75,1.37
2017.06.02 12:13:24.110,0.7178,0.71799,1.75,1.12
2017.06.02 12:13:25.107,0.7178,0.71798,1.75,1.00
2017.06.02 12:13:27.172,0.7178,0.71799,1.75,1.12
2017.06.02 12:13:27.690,0.71779,0.71798,2.25,1.00
2017.06.02 12:13:28.290,0.7178,0.71799,1.75,1.12
2017.06.02 12:13:28.876,0.7178,0.71798,1.75,1.00
2017.06.02 12:13:28.977,0.7178,0.71798,1.12,1.12
2017.06.02 12:13:34.975,0.71779,0.71797,1.50,1.00
2017.06.02 12:13:36.429,0.71776,0.71795,1.75,1.00
2017.06.02 12:13:37.009,0.71776,0.71796,1.75,1.37
2017.06.02 12:13:40.865,0.7178,0.71797,1.00,1.50
2017.06.02 12:13:41.017,0.7178,0.71797,1.50,1.12
2017.06.02 12:13:46.855,0.7178,0.71794,1.50,1.00
2017.06.02 12:13:47.185,0.71773,0.71789,2.25,1.37
2017.06.02 12:13:47.236,0.7177,0.71788,1.00,1.00
2017.06.02 12:13:47.287,0.71775,0.71788,1.00,1.00
2017.06.02 12:13:47.561,0.7177,0.71788,1.00,1.00
2017.06.02 12:13:47.919,0.71775,0.71788,1.00,1.00
2017.06.02 12:13:47.969,0.7177,0.71788,1.00,1.00
2017.06.02 12:13:49.484,0.71775,0.71788,1.00,1.00
2017.06.02 12:13:49.535,0.7177,0.71788,1.50,1.00
2017.06.02 12:13:50.004,0.7177,0.71791,1.75,2.25
2017.06.02 12:13:50.358,0.71775,0.71791,1.00,1.75
2017.06.02 12:13:50.459,0.7177,0.7179,1.75,1.50
2017.06.02 12:13:55.166,0.71775,0.7179,1.00,1.50
2017.06.02 12:13:55.278,0.7177,0.7179,2.25,1.50
2017.06.02 12:13:56.260,0.71775,0.71793,1.00,1.75
2017.06.02 12:13:56.411,0.71775,0.71792,1.00,1.37
2017.06.02 12:13:59.334,0.71779,0.71794,1.00,3.75
2017.06.02 12:14:02.399,0.71775,0.71794,1.00,3.00
2017.06.02 12:14:02.450,0.7178,0.71794,1.00,3.00
2017.06.02 12:14:03.220,0.71779,0.71794,1.00,3.00
2017.06.02 12:14:07.185,0.7178,0.71793,1.00,1.50
2017.06.02 12:14:07.325,0.71775,0.71793,1.00,1.50
2017.06.02 12:14:08.429,0.71774,0.71793,1.12,1.50
2017.06.02 12:14:09.014,0.71775,0.71794,1.00,1.75
2017.06.02 12:14:12.169,0.71775,0.71795,1.12,1.75
2017.06.02 12:14:16.467,0.71775,0.71797,1.50,2.25
2017.06.02 12:14:16.518,0.71775,0.71797,1.75,2.25
2017.06.02 12:14:18.116,0.7178,0.71799,1.50,2.62
2017.06.02 12:14:18.217,0.7178,0.718,2.25,1.50
2017.06.02 12:14:18.268,0.71781,0.71791,1.75,1.00
2017.06.02 12:14:18.319,0.71781,0.71795,1.75,1.00
2017.06.02 12:14:18.420,0.71775,0.71795,3.00,1.12
2017.06.02 12:14:18.727,0.71775,0.71796,1.75,2.25
2017.06.02 12:14:28.943,0.71777,0.71796,1.00,1.50
2017.06.02 12:14:30.893,0.71777,0.71799,1.75,1.35
2017.06.02 12:14:31.145,0.71781,0.71799,1.00,1.35
2017.06.02 12:14:31.249,0.71781,0.71802,1.75,1.35
2017.06.02 12:14:31.772,0.71781,0.71802,1.75,1.35
2017.06.02 12:14:32.409,0.71781,0.71804,1.75,4.12
2017.06.02 12:14:33.910,0.71781,0.718,1.75,1.00
2017.06.02 12:14:34.671,0.71781,0.71804,1.75,4.87
2017.06.02 12:14:36.834,0.7178,0.718,3.00,1.00
2017.06.02 12:14:37.467,0.7178,0.71802,3.00,1.50
2017.06.02 12:14:38.870,0.7178,0.718,2.25,1.00
2017.06.02 12:14:39.577,0.71778,0.71799,3.75,1.00
2017.06.02 12:14:40.534,0.71778,0.71799,1.75,1.37
2017.06.02 12:14:41.048,0.71779,0.71798,1.00,1.00
2017.06.02 12:14:41.149,0.71781,0.71799,1.00,2.25
2017.06.02 12:14:41.870,0.7178,0.71801,3.00,1.50
2017.06.02 12:14:42.211,0.71778,0.718,3.00,1.75
2017.06.02 12:14:50.153,0.71776,0.71798,3.37,1.72
2017.06.02 12:14:50.204,0.71776,0.71797,1.75,1.67
2017.06.02 12:14:50.354,0.71778,0.71797,1.00,1.67
2017.06.02 12:14:52.271,0.71774,0.71795,1.50,2.25
2017.06.02 12:14:57.312,0.71774,0.71796,3.00,1.75
2017.06.02 12:14:58.472,0.7178,0.71798,1.00,1.75
2017.06.02 12:14:58.724,0.7178,0.71803,2.25,1.75
2017.06.02 12:14:59.480,0.71781,0.71805,2.25,4.35
2017.06.02 12:15:02.501,0.71781,0.718,2.25,1.00
2017.06.02 12:15:02.602,0.71779,0.718,1.75,1.50
2017.06.02 12:15:03.005,0.71781,0.71803,2.25,1.37
2017.06.02 12:15:04.301,0.71784,0.71805,1.75,1.12
2017.06.02 12:15:05.330,0.71782,0.71805,2.25,3.00
2017.06.02 12:15:12.677,0.71781,0.718,1.75,1.35
2017.06.02 12:15:12.984,0.71776,0.71797,2.62,1.72
2017.06.02 12:15:13.135,0.71775,0.71797,3.00,2.10
2017.06.02 12:15:15.647,0.71773,0.71791,2.62,1.00
2017.06.02 12:15:15.896,0.7177,0.7179,1.37,2.10
2017.06.02 12:15:15.947,0.7177,0.7179,1.75,1.50
2017.06.02 12:15:16.163,0.71775,0.71793,1.00,1.75
2017.06.02 12:15:16.214,0.71775,0.71795,1.50,2.25
2017.06.02 12:15:16.302,0.71775,0.71795,1.50,2.25
2017.06.02 12:15:17.015,0.71776,0.71795,1.75,1.12
2017.06.02 12:15:32.068,0.71775,0.71795,1.75,1.00
2017.06.02 12:15:32.597,0.71775,0.71796,1.75,1.12
2017.06.02 12:15:33.362,0.71775,0.71795,2.25,1.00
2017.06.02 12:15:33.884,0.71773,0.71794,1.75,1.67
2017.06.02 12:15:37.571,0.71773,0.71791,1.00,1.00
2017.06.02 12:15:40.654,0.71772,0.71794,2.25,2.10
2017.06.02 12:15:45.375,0.71772,0.7179,2.25,1.60
2017.06.02 12:15:45.689,0.71767,0.71788,1.50,1.67
2017.06.02 12:15:59.022,0.7177,0.71789,1.00,1.35
2017.06.02 12:15:59.541,0.71772,0.71794,1.75,2.85
2017.06.02 12:16:00.355,0.71775,0.71795,1.00,1.75
2017.06.02 12:16:00.495,0.71777,0.71795,1.00,1.00
2017.06.02 12:16:01.070,0.71777,0.71796,1.00,1.00
2017.06.02 12:16:03.078,0.71773,0.71796,3.00,3.60
2017.06.02 12:16:03.128,0.71775,0.71794,1.00,1.00
2017.06.02 12:16:15.492,0.71773,0.71794,1.50,2.10
2017.06.02 12:16:16.212,0.71773,0.71794,1.50,2.10
2017.06.02 12:16:18.546,0.71776,0.71796,1.00,1.75
2017.06.02 12:16:18.849,0.71785,0.71805,1.50,1.75
2017.06.02 12:16:18.950,0.71787,0.71805,1.12,1.50
2017.06.02 12:16:19.051,0.71787,0.71805,1.75,1.00
2017.06.02 12:16:19.343,0.71787,0.71809,1.75,1.50
2017.06.02 12:16:20.016,0.71787,0.71806,1.75,1.00
2017.06.02 12:16:21.073,0.71787,0.71809,1.75,2.25
2017.06.02 12:16:22.869,0.71787,0.71805,1.75,1.00
2017.06.02 12:16:22.919,0.71786,0.7181,1.75,2.85
2017.06.02 12:16:23.917,0.71785,0.71805,2.25,1.00
2017.06.02 12:16:24.068,0.71785,0.71805,2.25,2.47
2017.06.02 12:16:24.220,0.71784,0.71803,1.75,1.60
2017.06.02 12:16:24.331,0.71782,0.71802,1.75,1.67
2017.06.02 12:16:25.926,0.71787,0.71806,1.00,1.75
2017.06.02 12:16:26.191,0.71794,0.7181,1.00,1.00
2017.06.02 12:16:26.292,0.71794,0.71813,1.00,1.50
2017.06.02 12:16:26.342,0.71792,0.71813,1.75,1.00
2017.06.02 12:16:26.868,0.71792,0.71814,3.00,1.72
2017.06.02 12:16:27.720,0.71796,0.71815,2.25,1.87
2017.06.02 12:16:28.175,0.71798,0.71818,1.87,1.50
2017.06.02 12:16:28.276,0.71799,0.71819,3.00,1.12
2017.06.02 12:16:28.326,0.718,0.71817,1.75,1.00
2017.06.02 12:16:28.692,0.71797,0.71818,2.25,1.12
2017.06.02 12:16:29.856,0.71798,0.71817,1.75,1.00
2017.06.02 12:16:31.115,0.71798,0.71815,1.75,1.00
2017.06.02 12:16:31.499,0.71798,0.71816,1.00,1.75
2017.06.02 12:16:31.600,0.71799,0.71816,1.00,1.50
2017.06.02 12:16:31.752,0.718,0.71819,1.00,2.25
2017.06.02 12:16:32.460,0.71802,0.7182,1.00,1.00
2017.06.02 12:16:42.046,0.718,0.7182,2.25,1.37
2017.06.02 12:16:42.677,0.718,0.7182,2.25,2.25
2017.06.02 12:16:47.116,0.71799,0.7182,2.25,1.12
2017.06.02 12:16:48.254,0.71804,0.71823,1.12,1.50
2017.06.02 12:16:48.356,0.71802,0.71823,2.25,1.50
2017.06.02 12:16:48.507,0.71807,0.71826,1.12,1.50
2017.06.02 12:16:48.925,0.71808,0.71826,1.75,1.00
2017.06.02 12:16:49.765,0.71808,0.7183,1.75,3.00
2017.06.02 12:16:50.801,0.71808,0.71826,1.75,1.00
2017.06.02 12:16:51.266,0.71807,0.71826,1.75,2.10
2017.06.02 12:16:51.418,0.71805,0.71825,1.12,3.60
2017.06.02 12:16:54.709,0.718,0.7182,1.75,1.35
2017.06.02 12:16:54.810,0.71799,0.7182,3.00,1.50
2017.06.02 12:16:55.013,0.71801,0.71821,2.25,1.87
2017.06.02 12:16:55.316,0.71801,0.71815,2.25,1.00
2017.06.02 12:16:55.417,0.71798,0.71819,2.25,2.10
2017.06.02 12:16:56.153,0.71798,0.71817,1.75,1.00
2017.06.02 12:16:56.516,0.71805,0.71822,1.00,1.75
2017.06.02 12:16:56.617,0.71803,0.71824,1.50,2.62
2017.06.02 12:16:56.667,0.71806,0.71824,1.37,2.25
2017.06.02 12:16:56.718,0.71806,0.71825,1.75,1.00
2017.06.02 12:16:56.942,0.71804,0.71825,3.00,1.50
2017.06.02 12:16:59.449,0.71804,0.7182,2.25,1.00
2017.06.02 12:17:00.045,0.71803,0.71821,3.00,1.00
2017.06.02 12:17:00.476,0.71802,0.7182,1.75,1.00
2017.06.02 12:17:03.229,0.71803,0.71825,2.25,1.75
2017.06.02 12:17:08.661,0.71806,0.71825,1.00,1.75
2017.06.02 12:17:08.762,0.71808,0.71828,1.12,2.62
2017.06.02 12:17:08.812,0.71808,0.7183,1.87,3.00
2017.06.02 12:17:08.863,0.71809,0.7183,1.37,3.00
2017.06.02 12:17:08.914,0.7181,0.71829,1.00,1.00
2017.06.02 12:17:09.661,0.71811,0.71829,1.00,1.00
2017.06.02 12:17:10.426,0.71811,0.7183,1.50,1.00
2017.06.02 12:17:13.656,0.71811,0.71831,1.50,1.12
2017.06.02 12:17:14.361,0.71813,0.71834,1.00,2.25
2017.06.02 12:17:14.462,0.71815,0.71836,1.00,1.75
2017.06.02 12:17:14.513,0.71813,0.71835,1.50,1.75
2017.06.02 12:17:14.564,0.71813,0.71834,1.37,1.75
2017.06.02 12:17:14.808,0.7181,0.71834,2.25,1.75
2017.06.02 12:17:17.864,0.71809,0.71831,2.25,1.35
2017.06.02 12:17:18.546,0.71809,0.71831,2.25,1.35
2017.06.02 12:17:29.497,0.7181,0.7183,1.00,2.10
2017.06.02 12:17:29.623,0.7181,0.7183,1.12,2.10
2017.06.02 12:17:35.734,0.7181,0.71829,1.37,1.50
2017.06.02 12:17:35.886,0.71806,0.71829,2.25,2.25
2017.06.02 12:17:36.536,0.71805,0.71827,1.75,2.10
2017.06.02 12:17:37.272,0.71805,0.71828,1.50,2.10
2017.06.02 12:17:37.623,0.7181,0.71833,3.00,2.25
2017.06.02 12:17:38.063,0.71815,0.71833,1.00,2.25
2017.06.02 12:17:39.158,0.71812,0.71833,1.50,1.75
2017.06.02 12:17:39.311,0.71815,0.71834,1.00,1.75
2017.06.02 12:17:39.361,0.71815,0.71832,1.00,1.00
2017.06.02 12:17:39.714,0.7182,0.71838,1.00,2.62
2017.06.02 12:17:39.765,0.7182,0.71839,1.00,3.37
2017.06.02 12:17:40.111,0.71815,0.71839,3.75,3.37
2017.06.02 12:17:41.365,0.71815,0.71834,2.25,1.00
2017.06.02 12:17:41.917,0.71815,0.71834,1.75,1.50
2017.06.02 12:17:45.985,0.71815,0.71832,1.75,1.00
2017.06.02 12:17:46.086,0.71815,0.71831,1.00,1.00
2017.06.02 12:17:46.777,0.71814,0.71831,1.00,1.00
2017.06.02 12:17:47.577,0.71811,0.71831,2.25,1.37
2017.06.02 12:17:51.252,0.71811,0.71832,2.25,1.50
2017.06.02 12:17:51.777,0.7181,0.71831,2.25,1.37
2017.06.02 12:17:52.740,0.71809,0.71829,2.25,1.00
2017.06.02 12:17:52.892,0.71809,0.71827,1.75,1.00
2017.06.02 12:17:53.096,0.71809,0.71827,1.00,1.50
2017.06.02 12:17:53.812,0.71809,0.71828,1.75,1.12
2017.06.02 12:17:55.841,0.71815,0.7183,1.00,1.75
2017.06.02 12:17:56.097,0.71815,0.71832,1.00,1.75
2017.06.02 12:17:57.417,0.71814,0.71834,1.12,2.25
2017.06.02 12:17:59.084,0.71815,0.71835,1.00,2.25
2017.06.02 12:17:59.619,0.71815,0.71835,1.00,1.75
2017.06.02 12:18:00.150,0.71814,0.71835,1.12,1.75
2017.06.02 12:18:00.402,0.71815,0.71833,1.00,1.75
2017.06.02 12:18:00.915,0.71814,0.71833,1.00,1.75
2017.06.02 12:18:02.289,0.71815,0.71833,1.00,1.75
2017.06.02 12:18:03.776,0.7181,0.71828,1.75,1.00
2017.06.02 12:18:03.827,0.7181,0.71828,1.00,2.25
2017.06.02 12:18:03.929,0.7181,0.71828,1.00,3.00
2017.06.02 12:18:04.031,0.71805,0.71825,1.75,2.25
2017.06.02 12:18:04.132,0.71805,0.71825,1.12,2.25
2017.06.02 12:18:06.497,0.71805,0.71822,1.12,2.25
2017.06.02 12:18:07.808,0.71805,0.71822,1.00,2.25
2017.06.02 12:18:09.420,0.71801,0.71822,1.12,2.25
2017.06.02 12:18:10.211,0.71805,0.71822,1.00,2.25
2017.06.02 12:18:12.354,0.71801,0.71822,1.12,2.25
2017.06.02 12:18:12.910,0.71802,0.71823,1.00,2.25
2017.06.02 12:18:12.961,0.71805,0.71823,1.00,2.25
2017.06.02 12:18:13.183,0.718,0.71822,1.50,2.25
2017.06.02 12:18:13.303,0.71805,0.71822,1.00,2.25
2017.06.02 12:18:14.220,0.718,0.71822,1.50,2.25
2017.06.02 12:18:14.326,0.71795,0.71818,5.62,2.10
2017.06.02 12:18:14.578,0.71787,0.71807,1.75,1.12
2017.06.02 12:18:14.723,0.71785,0.71803,3.00,1.50
2017.06.02 12:18:14.774,0.71785,0.71804,1.12,1.50
2017.06.02 12:18:14.875,0.71782,0.71801,1.00,1.00
2017.06.02 12:18:14.925,0.71785,0.71801,1.00,1.00
2017.06.02 12:18:15.816,0.71782,0.71801,1.00,1.00
2017.06.02 12:18:16.018,0.71785,0.71801,1.00,1.00
2017.06.02 12:18:17.562,0.71784,0.71801,1.00,1.00
2017.06.02 12:18:18.407,0.7179,0.71801,1.00,1.00
2017.06.02 12:18:22.415,0.71785,0.71801,1.00,1.00
2017.06.02 12:18:22.816,0.7179,0.71801,1.00,1.00
2017.06.02 12:18:24.261,0.71785,0.71801,1.00,1.00
2017.06.02 12:18:24.760,0.7179,0.71801,1.00,1.00
2017.06.02 12:18:24.862,0.7179,0.71806,1.00,1.75
2017.06.02 12:18:24.963,0.71795,0.71806,1.00,1.00
2017.06.02 12:18:25.064,0.71795,0.71811,1.00,1.75
2017.06.02 12:18:25.280,0.71795,0.71813,1.00,3.75
2017.06.02 12:18:27.834,0.71795,0.71812,1.00,1.75
2017.06.02 12:18:30.163,0.7179,0.71809,1.50,1.00
2017.06.02 12:18:30.214,0.7179,0.71807,1.50,1.00
2017.06.02 12:18:30.533,0.71784,0.71805,2.25,2.25
2017.06.02 12:18:30.584,0.71784,0.71805,1.87,2.25
2017.06.02 12:18:31.961,0.71785,0.71805,1.00,3.00
2017.06.02 12:18:34.107,0.71785,0.71804,1.50,1.00
2017.06.02 12:18:39.466,0.71785,0.71805,1.12,1.75
2017.06.02 12:18:40.095,0.71782,0.71805,1.75,2.25
2017.06.02 12:18:45.181,0.71785,0.71804,1.00,1.75
2017.06.02 12:18:51.015,0.71782,0.71804,1.75,2.25
2017.06.02 12:18:52.023,0.71785,0.71804,1.00,2.25
2017.06.02 12:18:55.129,0.71785,0.71805,1.12,1.75
2017.06.02 12:18:55.462,0.7179,0.71807,1.00,3.00
2017.06.02 12:18:56.414,0.7179,0.71805,1.00,1.75
2017.06.02 12:18:56.616,0.71785,0.71805,1.00,1.75
2017.06.02 12:18:58.696,0.71784,0.71805,1.12,1.75
2017.06.02 12:19:01.318,0.71785,0.71805,1.00,1.75
2017.06.02 12:19:05.406,0.7179,0.71807,1.00,1.75
2017.06.02 12:19:05.658,0.7179,0.7181,1.37,1.67
2017.06.02 12:19:07.062,0.7179,0.7181,1.12,2.10
2017.06.02 12:19:09.498,0.71789,0.71812,1.75,3.00
2017.06.02 12:19:10.072,0.7179,0.71812,2.25,2.25
2017.06.02 12:19:12.649,0.7179,0.7181,1.75,1.00
2017.06.02 12:19:12.750,0.7179,0.7181,1.50,1.37
2017.06.02 12:19:13.466,0.7179,0.7181,1.50,1.75
2017.06.02 12:19:14.371,0.7179,0.71813,1.75,2.25
2017.06.02 12:19:15.907,0.71789,0.71812,1.75,1.75
2017.06.02 12:19:16.895,0.7179,0.71812,1.50,2.25
2017.06.02 12:19:19.213,0.7179,0.71812,3.00,1.35
2017.06.02 12:19:19.264,0.7179,0.71812,3.75,1.35
2017.06.02 12:19:19.699,0.71794,0.71816,1.37,2.25
2017.06.02 12:19:19.750,0.71794,0.71816,1.75,2.25
2017.06.02 12:19:27.113,0.71795,0.71816,1.75,2.25
2017.06.02 12:19:27.705,0.71794,0.71815,1.75,1.75
2017.06.02 12:19:27.907,0.71791,0.71813,1.75,1.97
2017.06.02 12:19:27.957,0.71791,0.71812,1.75,1.35
2017.06.02 12:19:31.570,0.71795,0.71811,1.00,1.35
2017.06.02 12:19:31.880,0.71795,0.71811,1.00,2.62
2017.06.02 12:19:33.391,0.7179,0.71811,1.50,4.87
2017.06.02 12:19:34.815,0.71789,0.71811,2.25,2.25
2017.06.02 12:19:36.839,0.71786,0.71809,4.87,4.35
2017.06.02 12:19:36.990,0.71785,0.71805,1.50,1.35
2017.06.02 12:19:37.400,0.71785,0.71806,1.50,2.10
2017.06.02 12:19:37.703,0.71784,0.71805,1.37,1.75
2017.06.02 12:19:40.616,0.71782,0.718,1.75,1.00
2017.06.02 12:19:40.717,0.71783,0.71803,1.00,4.35
2017.06.02 12:19:41.805,0.71784,0.71803,1.00,3.00
2017.06.02 12:19:42.310,0.71782,0.71804,1.50,3.00
2017.06.02 12:19:45.637,0.71784,0.71803,1.00,1.75
2017.06.02 12:19:45.739,0.71784,0.71805,1.87,1.87
2017.06.02 12:19:45.789,0.71784,0.71805,2.25,1.75
2017.06.02 12:19:51.124,0.71785,0.71801,1.00,1.00
2017.06.02 12:19:51.853,0.71782,0.71801,1.50,1.00
2017.06.02 12:19:52.132,0.71784,0.71801,1.00,1.00
2017.06.02 12:19:53.253,0.71785,0.71801,1.00,1.00
2017.06.02 12:19:54.271,0.71782,0.71801,1.00,1.00
2017.06.02 12:19:54.322,0.71785,0.71801,1.00,1.00
2017.06.02 12:19:56.087,0.71782,0.71801,1.00,1.50
2017.06.02 12:19:56.138,0.71782,0.71799,1.00,1.12
2017.06.02 12:19:56.444,0.71775,0.71795,2.25,1.75
2017.06.02 12:19:56.751,0.7178,0.71793,1.00,1.00
2017.06.02 12:19:57.309,0.71779,0.71793,1.00,1.00
2017.06.02 12:19:57.436,0.71775,0.71793,1.00,1.00
2017.06.02 12:19:59.270,0.7178,0.71793,1.00,1.00
2017.06.02 12:19:59.321,0.71775,0.71793,1.00,1.00
2017.06.02 12:19:59.372,0.7178,0.71793,1.00,1.00
2017.06.02 12:19:59.423,0.71775,0.71793,1.00,1.00
2017.06.02 12:19:59.634,0.7178,0.71793,1.00,1.00
2017.06.02 12:20:00.162,0.71778,0.71798,1.75,1.00
2017.06.02 12:20:00.263,0.7178,0.71797,1.00,2.25
2017.06.02 12:20:00.616,0.71776,0.71797,1.37,1.75
2017.06.02 12:20:00.948,0.71775,0.71795,1.87,2.25
2017.06.02 12:20:04.725,0.7178,0.71795,1.00,2.25
2017.06.02 12:20:04.989,0.71776,0.71795,1.00,2.25
2017.06.02 12:20:05.640,0.71775,0.71797,1.12,3.00
2017.06.02 12:20:05.776,0.71776,0.71797,1.50,3.00
2017.06.02 12:20:08.537,0.7178,0.71798,1.00,2.25
2017.06.02 12:20:08.689,0.7178,0.71797,1.00,1.00
2017.06.02 12:20:09.231,0.71779,0.71797,1.00,1.00
2017.06.02 12:20:09.282,0.71777,0.71795,1.50,1.00
2017.06.02 12:20:09.787,0.71775,0.71797,2.25,1.75
2017.06.02 12:20:10.567,0.7178,0.71795,1.00,1.75
2017.06.02 12:20:10.668,0.7178,0.71796,1.00,1.12
2017.06.02 12:20:11.529,0.71779,0.71801,2.47,2.62
2017.06.02 12:20:11.580,0.7178,0.71803,2.25,2.25
2017.06.02 12:20:18.053,0.71785,0.71803,1.00,1.75
2017.06.02 12:20:19.824,0.71782,0.71803,1.12,1.75
2017.06.02 12:20:21.335,0.71782,0.71801,1.00,1.75
2017.06.02 12:20:21.899,0.71779,0.71801,2.62,1.75
2017.06.02 12:20:24.617,0.7178,0.718,1.00,2.85
2017.06.02 12:20:27.406,0.7178,0.718,1.50,2.25
2017.06.02 12:20:45.757,0.71781,0.718,1.00,1.75
2017.06.02 12:20:47.465,0.7178,0.718,1.87,1.75
2017.06.02 12:20:47.950,0.71782,0.718,1.00,1.75
2017.06.02 12:20:48.051,0.7178,0.71803,1.87,4.12
2017.06.02 12:20:48.102,0.71782,0.71803,1.00,4.12
2017.06.02 12:20:48.153,0.71781,0.71803,1.50,2.25
2017.06.02 12:20:49.521,0.7178,0.718,1.87,1.75
2017.06.02 12:20:52.003,0.71781,0.718,1.00,1.75
2017.06.02 12:20:54.253,0.7178,0.718,1.87,1.75
2017.06.02 12:20:59.697,0.71801,0.71808,1.00,1.00
2017.06.02 12:20:59.748,0.71801,0.71808,1.00,1.00
2017.06.02 12:20:59.799,0.71809,0.71819,1.00,2.62
2017.06.02 12:20:59.850,0.71805,0.71824,1.00,1.75
2017.06.02 12:20:59.951,0.71805,0.71825,3.00,1.75
2017.06.02 12:21:00.002,0.7181,0.71828,1.00,3.37
2017.06.02 12:21:00.052,0.7181,0.71827,1.00,1.00
2017.06.02 12:21:00.425,0.71808,0.71827,1.00,1.00
2017.06.02 12:21:00.769,0.71808,0.71825,1.00,1.00
2017.06.02 12:21:00.870,0.71806,0.71824,1.50,1.00
2017.06.02 12:21:01.072,0.71802,0.71824,1.75,1.75
2017.06.02 12:21:01.457,0.71802,0.7182,1.00,1.50
2017.06.02 12:21:01.992,0.71803,0.7182,1.00,1.50
2017.06.02 12:21:02.732,0.71802,0.7182,1.00,1.50
2017.06.02 12:21:03.954,0.71803,0.7182,1.00,1.50
2017.06.02 12:21:04.349,0.71805,0.7182,1.00,1.00
2017.06.02 12:21:05.231,0.71803,0.7182,1.00,1.00
2017.06.02 12:21:05.282,0.71804,0.71822,1.00,1.00
2017.06.02 12:21:06.096,0.71803,0.71822,1.50,1.00
2017.06.02 12:21:06.381,0.71805,0.71822,1.00,1.00
2017.06.02 12:21:06.536,0.71803,0.71822,1.00,1.00
2017.06.02 12:21:07.907,0.71804,0.71822,1.00,1.00
2017.06.02 12:21:08.410,0.71803,0.71822,1.00,1.00
2017.06.02 12:21:09.122,0.71805,0.71822,1.00,1.00
2017.06.02 12:21:09.229,0.71803,0.71822,1.00,1.00
2017.06.02 12:21:11.330,0.71805,0.71822,1.00,1.00
2017.06.02 12:21:12.810,0.71803,0.71822,1.00,1.00
2017.06.02 12:21:15.170,0.71796,0.71817,3.00,1.30
2017.06.02 12:21:15.474,0.71795,0.71813,1.00,1.75
2017.06.02 12:21:15.813,0.7179,0.71812,2.25,1.50
2017.06.02 12:21:16.244,0.71795,0.71812,1.00,1.50
2017.06.02 12:21:17.087,0.71794,0.71813,1.00,1.75
2017.06.02 12:21:17.674,0.71795,0.71815,1.30,1.75
2017.06.02 12:21:17.795,0.71795,0.71815,1.35,1.12
2017.06.02 12:21:18.098,0.71805,0.71824,1.12,1.75
2017.06.02 12:21:20.476,0.71801,0.7182,1.00,1.00
2017.06.02 12:21:20.639,0.71805,0.7182,1.00,1.00
2017.06.02 12:21:20.992,0.71804,0.71825,1.12,1.75
2017.06.02 12:21:21.924,0.71802,0.71821,1.00,1.00
2017.06.02 12:21:23.182,0.71803,0.71821,1.30,1.00
2017.06.02 12:21:23.233,0.71805,0.71821,1.35,1.00
2017.06.02 12:21:23.283,0.71806,0.71823,1.00,1.00
2017.06.02 12:21:23.494,0.71807,0.7183,2.62,2.25
2017.06.02 12:21:24.020,0.7181,0.71831,1.75,1.50
2017.06.02 12:21:24.323,0.7181,0.71831,1.50,1.75
2017.06.02 12:21:27.734,0.71806,0.71825,2.62,1.00
2017.06.02 12:21:27.784,0.71806,0.71828,2.62,1.12
2017.06.02 12:21:27.835,0.71804,0.71825,3.00,1.50
2017.06.02 12:21:28.177,0.71807,0.71828,1.50,2.62
2017.06.02 12:21:28.228,0.71806,0.71831,2.85,1.35
2017.06.02 12:21:29.294,0.7181,0.71832,2.25,1.75
2017.06.02 12:21:29.827,0.7181,0.71829,1.12,1.75
2017.06.02 12:21:30.135,0.71805,0.71827,3.00,1.50
2017.06.02 12:21:32.111,0.7181,0.71827,1.00,1.50
2017.06.02 12:21:32.313,0.7181,0.7183,1.37,2.25
2017.06.02 12:21:32.924,0.71811,0.7183,1.00,1.50
2017.06.02 12:21:33.304,0.7181,0.71832,2.62,1.75
2017.06.02 12:21:34.103,0.7181,0.71833,2.25,1.75
2017.06.02 12:21:34.728,0.71815,0.71833,1.00,1.75
2017.06.02 12:21:35.324,0.7181,0.71834,3.37,3.00
2017.06.02 12:21:36.000,0.7181,0.71831,2.25,1.75
2017.06.02 12:21:36.881,0.71815,0.71831,1.00,1.75
2017.06.02 12:21:36.932,0.7181,0.7183,1.50,1.50
2017.06.02 12:21:37.103,0.7181,0.71829,1.12,1.75
2017.06.02 12:21:37.634,0.7181,0.7183,1.50,1.12
2017.06.02 12:21:38.423,0.71809,0.71827,1.75,1.00
2017.06.02 12:21:38.524,0.71805,0.71826,1.75,3.22
2017.06.02 12:21:38.626,0.71805,0.71826,1.12,1.75
2017.06.02 12:21:39.151,0.71805,0.7182,1.00,1.00
2017.06.02 12:21:39.252,0.71801,0.7182,1.50,1.00
2017.06.02 12:21:39.353,0.71804,0.7182,1.00,1.00
2017.06.02 12:21:40.071,0.71801,0.71822,1.75,1.50
2017.06.02 12:21:40.658,0.71805,0.71822,1.00,1.50
2017.06.02 12:21:41.289,0.71801,0.71823,1.75,2.25
2017.06.02 12:21:42.633,0.718,0.71821,1.75,1.75
2017.06.02 12:21:42.998,0.718,0.7182,1.12,1.75
2017.06.02 12:21:43.729,0.718,0.71822,2.25,2.25
2017.06.02 12:21:44.060,0.718,0.71823,3.00,1.75
2017.06.02 12:21:44.437,0.718,0.71821,1.75,2.25
2017.06.02 12:21:44.639,0.718,0.71818,1.50,1.00
2017.06.02 12:21:47.654,0.71801,0.71818,1.00,1.00
2017.06.02 12:21:47.755,0.71805,0.71818,1.00,1.00
2017.06.02 12:21:47.856,0.71805,0.71826,1.50,2.25
2017.06.02 12:21:55.578,0.71805,0.71825,1.00,3.00
2017.06.02 12:21:57.533,0.71801,0.71822,1.12,1.12
2017.06.02 12:21:57.640,0.71801,0.71822,1.37,1.50
2017.06.02 12:21:57.691,0.71801,0.7182,1.12,1.00
2017.06.02 12:21:59.524,0.71805,0.7182,1.00,1.00
2017.06.02 12:21:59.575,0.71801,0.7182,1.00,1.50
2017.06.02 12:22:01.051,0.71802,0.7182,1.00,1.50
2017.06.02 12:22:01.373,0.71804,0.71823,1.12,1.50
2017.06.02 12:22:03.533,0.71805,0.71823,1.00,1.50
2017.06.02 12:22:03.894,0.71805,0.71822,1.00,1.75
2017.06.02 12:22:04.320,0.71805,0.7182,1.00,2.25
2017.06.02 12:22:04.371,0.71798,0.7182,1.12,2.25
2017.06.02 12:22:05.293,0.718,0.71822,2.85,1.75
2017.06.02 12:22:05.596,0.71805,0.71827,1.12,2.62
2017.06.02 12:22:05.697,0.71805,0.71828,2.62,1.75
2017.06.02 12:22:12.572,0.71807,0.71829,1.12,1.75
2017.06.02 12:22:13.076,0.71806,0.7183,1.12,3.00
2017.06.02 12:22:14.534,0.71806,0.71829,1.12,1.75
2017.06.02 12:22:14.904,0.71805,0.71822,1.75,1.00
2017.06.02 12:22:15.005,0.71805,0.71823,1.37,2.62
2017.06.02 12:22:15.056,0.71805,0.7182,1.37,1.00
2017.06.02 12:22:15.308,0.71799,0.71818,1.50,1.00
2017.06.02 12:22:15.874,0.718,0.71818,1.00,1.00
2017.06.02 12:22:16.784,0.71799,0.71818,2.62,1.00
2017.06.02 12:22:20.640,0.718,0.71818,1.00,1.00
2017.06.02 12:22:25.576,0.718,0.71818,1.87,1.00
2017.06.02 12:22:25.879,0.71809,0.71825,1.00,2.62
2017.06.02 12:22:25.929,0.71809,0.71828,1.00,1.75
2017.06.02 12:22:26.040,0.71805,0.71828,2.62,1.75
2017.06.02 12:22:31.511,0.7181,0.71828,1.00,1.75
2017.06.02 12:22:32.715,0.71806,0.71829,1.87,2.25
2017.06.02 12:22:33.262,0.7181,0.71829,1.00,2.25
2017.06.02 12:22:33.810,0.71806,0.71829,1.87,2.25
2017.06.02 12:22:34.316,0.7181,0.71829,1.00,2.25
2017.06.02 12:22:35.960,0.7181,0.71829,2.10,1.75
2017.06.02 12:22:36.011,0.71815,0.71829,1.00,1.75
2017.06.02 12:22:36.163,0.71813,0.71829,1.00,1.50
2017.06.02 12:22:36.264,0.71813,0.71835,1.75,1.75
2017.06.02 12:22:40.784,0.7181,0.7183,1.87,1.00
2017.06.02 12:22:40.885,0.71811,0.71829,1.00,1.50
2017.06.02 12:22:41.037,0.71809,0.71829,1.37,1.50
2017.06.02 12:22:41.087,0.71809,0.71829,1.12,1.75
2017.06.02 12:22:41.760,0.71805,0.71825,1.00,2.25
2017.06.02 12:22:41.916,0.7181,0.71825,1.00,1.50
2017.06.02 12:22:42.502,0.71805,0.71825,1.75,2.25
2017.06.02 12:22:42.610,0.71805,0.71823,1.00,1.00
2017.06.02 12:22:43.060,0.7181,0.71823,1.00,1.00
2017.06.02 12:22:43.282,0.71809,0.71829,2.62,1.75
2017.06.02 12:22:43.822,0.71809,0.71831,2.25,2.25
2017.06.02 12:22:43.873,0.7181,0.71828,1.00,1.00
2017.06.02 12:22:44.376,0.71815,0.71828,1.00,1.00
2017.06.02 12:22:44.581,0.71816,0.71836,1.75,1.12
2017.06.02 12:22:44.631,0.71815,0.71837,1.75,3.00
2017.06.02 12:22:44.682,0.71815,0.71836,1.75,1.75
2017.06.02 12:22:44.884,0.71815,0.71834,1.12,1.75
2017.06.02 12:22:45.401,0.71815,0.71831,1.00,1.00
2017.06.02 12:22:45.603,0.71817,0.71833,1.00,1.00
2017.06.02 12:22:45.785,0.71817,0.71839,1.50,1.75
2017.06.02 12:22:47.238,0.71819,0.71839,1.00,2.25
2017.06.02 12:22:47.701,0.71819,0.7184,1.50,1.75
2017.06.02 12:22:51.438,0.71816,0.71838,1.75,1.75
2017.06.02 12:22:51.489,0.71816,0.71838,1.75,1.75
2017.06.02 12:22:51.691,0.7182,0.71838,1.00,1.75
2017.06.02 12:22:51.842,0.7182,0.71838,1.12,1.50
2017.06.02 12:22:59.642,0.71815,0.71838,2.62,3.00
2017.06.02 12:23:00.725,0.71815,0.71837,1.87,1.75
2017.06.02 12:23:00.826,0.71817,0.71836,1.00,1.00
2017.06.02 12:23:02.798,0.71815,0.71836,1.87,1.50
2017.06.02 12:23:03.324,0.71815,0.71837,1.50,2.25
2017.06.02 12:23:03.526,0.71817,0.71836,1.00,1.00
2017.06.02 12:23:04.805,0.71814,0.71837,1.75,2.25
2017.06.02 12:23:05.207,0.7182,0.71838,1.00,2.62
2017.06.02 12:23:05.258,0.7182,0.7184,1.12,3.75
2017.06.02 12:23:06.027,0.71815,0.71838,2.25,2.25
2017.06.02 12:23:06.529,0.71815,0.71837,2.25,1.50
2017.06.02 12:23:07.329,0.71815,0.71837,1.87,3.00
2017.06.02 12:23:07.380,0.71815,0.71836,1.50,1.75
2017.06.02 12:23:08.274,0.71815,0.71837,2.62,2.25
2017.06.02 12:23:08.625,0.7182,0.7184,1.00,2.25
2017.06.02 12:23:08.878,0.7182,0.71842,1.50,3.00
2017.06.02 12:23:09.537,0.7182,0.71838,1.12,2.62
2017.06.02 12:23:09.739,0.71817,0.71836,1.00,2.25
2017.06.02 12:23:09.790,0.7182,0.71836,1.00,1.00
2017.06.02 12:23:09.841,0.71817,0.71836,1.00,1.50
2017.06.02 12:23:10.143,0.71819,0.71835,1.00,1.37
2017.06.02 12:23:10.245,0.71815,0.71837,1.72,3.00
2017.06.02 12:23:10.351,0.71815,0.71837,1.72,3.00
2017.06.02 12:23:11.388,0.71811,0.71833,1.75,2.10
2017.06.02 12:23:11.489,0.71812,0.71831,1.00,1.00
2017.06.02 12:23:11.873,0.71815,0.71831,1.00,1.00
2017.06.02 12:23:12.622,0.71814,0.71831,1.00,1.00
2017.06.02 12:23:13.170,0.71816,0.71837,3.22,1.75
2017.06.02 12:23:13.795,0.71816,0.71838,1.75,2.25
2017.06.02 12:23:14.248,0.7182,0.7184,1.00,4.87
2017.06.02 12:23:14.399,0.7182,0.71838,1.50,2.25
2017.06.02 12:23:14.500,0.71815,0.71839,2.25,2.25
2017.06.02 12:23:14.753,0.7182,0.71838,1.00,2.25
2017.06.02 12:23:14.803,0.71815,0.71837,1.75,1.75
2017.06.02 12:23:14.904,0.7182,0.71838,1.00,2.62
2017.06.02 12:23:14.955,0.71817,0.71838,1.00,2.62
2017.06.02 12:23:15.006,0.71817,0.71839,1.75,2.25
2017.06.02 12:23:15.205,0.71815,0.71839,5.25,3.00
2017.06.02 12:23:16.192,0.71819,0.71839,1.37,1.75
2017.06.02 12:23:16.544,0.71825,0.71842,1.00,1.50
2017.06.02 12:23:16.813,0.7182,0.71842,2.25,1.50
2017.06.02 12:23:16.964,0.7182,0.71839,1.75,1.00
2017.06.02 12:23:17.267,0.71819,0.71838,1.12,1.75
2017.06.02 12:23:19.316,0.7182,0.71838,1.00,2.25
2017.06.02 12:23:19.518,0.71821,0.71842,1.00,1.75
2017.06.02 12:23:19.619,0.7182,0.71842,1.75,1.50
2017.06.02 12:23:19.948,0.7182,0.71842,1.75,1.75
2017.06.02 12:23:21.075,0.7182,0.71843,2.25,2.25
2017.06.02 12:23:22.059,0.7182,0.71843,2.25,2.25
2017.06.02 12:23:23.684,0.71822,0.71843,1.00,3.00
2017.06.02 12:23:25.285,0.7182,0.7184,1.50,2.25
2017.06.02 12:23:25.949,0.71819,0.71838,1.50,2.25
2017.06.02 12:23:26.320,0.71815,0.71838,1.75,3.00
2017.06.02 12:23:28.294,0.71815,0.71835,1.37,2.25
2017.06.02 12:23:28.879,0.71815,0.71833,1.00,1.00
2017.06.02 12:23:29.443,0.71814,0.71833,1.50,1.00
2017.06.02 12:23:29.745,0.71811,0.71829,1.00,1.00
2017.06.02 12:23:30.436,0.71809,0.71829,1.12,2.25
2017.06.02 12:23:31.115,0.7181,0.7183,1.00,2.85
2017.06.02 12:23:32.854,0.71811,0.71831,1.12,2.25
2017.06.02 12:23:32.955,0.71812,0.71833,1.75,1.35
2017.06.02 12:23:33.318,0.71815,0.71833,1.37,1.67
2017.06.02 12:23:33.852,0.71815,0.71835,1.50,1.35
2017.06.02 12:23:38.602,0.71818,0.71837,1.00,1.75
2017.06.02 12:23:38.914,0.7183,0.71848,1.00,2.62
2017.06.02 12:23:38.964,0.71827,0.71849,2.25,1.35
2017.06.02 12:23:39.267,0.71825,0.71847,1.75,1.75
2017.06.02 12:23:39.806,0.71824,0.71843,1.75,1.00
2017.06.02 12:23:40.309,0.71822,0.71845,1.75,1.35
2017.06.02 12:24:01.018,0.7182,0.71843,2.25,3.00
2017.06.02 12:24:01.322,0.71817,0.71839,3.00,2.25
2017.06.02 12:24:11.361,0.7182,0.71837,1.50,1.00
2017.06.02 12:24:13.421,0.7182,0.71838,1.50,2.47
2017.06.02 12:24:13.820,0.7182,0.71838,1.00,2.25
2017.06.02 12:24:14.774,0.71817,0.71838,1.75,1.75
2017.06.02 12:24:15.920,0.7182,0.7184,1.00,1.75
2017.06.02 12:24:16.071,0.7182,0.71839,1.50,1.67
2017.06.02 12:24:16.483,0.71816,0.71838,2.25,1.35
2017.06.02 12:24:24.362,0.7182,0.71838,1.00,1.67
2017.06.02 12:24:24.564,0.71815,0.71836,3.00,1.67
2017.06.02 12:24:24.665,0.71816,0.71835,1.75,1.00
2017.06.02 12:24:25.273,0.71816,0.71836,2.25,1.12
2017.06.02 12:24:26.497,0.71818,0.71838,1.75,1.72
2017.06.02 12:24:26.801,0.71819,0.71836,1.00,1.35
2017.06.02 12:24:27.083,0.71819,0.71837,1.50,2.10
2017.06.02 12:24:28.377,0.71814,0.71835,3.37,2.10
2017.06.02 12:24:28.428,0.71814,0.71835,3.37,2.10
2017.06.02 12:24:28.529,0.71814,0.71834,3.00,1.30
2017.06.02 12:24:28.580,0.71814,0.71834,3.00,1.35
2017.06.02 12:24:28.958,0.71814,0.71835,3.00,1.67
2017.06.02 12:24:29.635,0.7182,0.71838,1.00,1.35
2017.06.02 12:24:30.495,0.7182,0.7184,1.12,2.10
2017.06.02 12:24:30.546,0.7182,0.71838,1.50,1.00
2017.06.02 12:24:38.517,0.7182,0.71838,1.00,1.60
2017.06.02 12:24:39.112,0.7182,0.71838,1.50,1.35
2017.06.02 12:24:39.462,0.71824,0.71838,1.00,1.00
2017.06.02 12:24:39.614,0.71825,0.71844,1.00,1.35
2017.06.02 12:24:39.715,0.71825,0.71844,1.12,1.35
2017.06.02 12:24:39.816,0.71821,0.71844,3.37,2.47
2017.06.02 12:24:40.034,0.71822,0.71842,1.75,1.67
2017.06.02 12:24:40.707,0.7182,0.71843,1.75,3.60
2017.06.02 12:24:42.973,0.71825,0.71843,1.00,1.35
2017.06.02 12:24:43.023,0.71825,0.71847,1.00,4.72
2017.06.02 12:24:43.124,0.71825,0.71847,1.75,2.10
2017.06.02 12:24:43.326,0.7183,0.71849,1.00,4.72
2017.06.02 12:24:43.428,0.7183,0.71847,1.00,1.50
2017.06.02 12:24:43.529,0.7183,0.71847,1.00,1.75
2017.06.02 12:24:44.101,0.71824,0.71847,1.75,1.35
2017.06.02 12:24:44.303,0.71824,0.71846,3.00,3.22
2017.06.02 12:24:44.419,0.71824,0.71846,3.75,1.35
2017.06.02 12:24:48.665,0.71829,0.71846,1.00,1.35
2017.06.02 12:24:48.715,0.71825,0.71846,2.25,1.35
2017.06.02 12:24:51.104,0.71824,0.71845,1.12,2.10
2017.06.02 12:24:51.515,0.71825,0.71844,1.75,1.30
2017.06.02 12:24:53.252,0.71826,0.71846,3.75,2.47
2017.06.02 12:24:54.179,0.71826,0.71848,3.75,1.50
2017.06.02 12:25:01.128,0.71826,0.71845,1.00,1.00
2017.06.02 12:25:02.109,0.7183,0.71849,1.00,3.75
2017.06.02 12:25:02.563,0.71825,0.71844,1.75,1.72
2017.06.02 12:25:02.840,0.71833,0.71847,1.12,2.10
2017.06.02 12:25:02.890,0.71832,0.71853,1.50,1.75
2017.06.02 12:25:03.042,0.71831,0.71852,1.50,2.25
2017.06.02 12:25:03.143,0.7183,0.7185,1.12,2.25
2017.06.02 12:25:03.345,0.71826,0.71845,1.75,1.35
2017.06.02 12:25:03.446,0.71824,0.71844,1.75,2.10
2017.06.02 12:25:03.951,0.71825,0.71841,1.00,1.00
2017.06.02 12:25:04.492,0.71822,0.71841,1.00,1.35
2017.06.02 12:25:04.652,0.71822,0.71838,1.00,2.85
2017.06.02 12:25:04.753,0.71815,0.71836,2.25,1.67
2017.06.02 12:25:07.376,0.71819,0.71837,1.00,2.25
2017.06.02 12:25:07.477,0.7182,0.71839,1.12,1.75
2017.06.02 12:25:07.629,0.7182,0.71841,2.25,2.25
2017.06.02 12:25:07.679,0.7182,0.71841,2.25,2.25
2017.06.02 12:25:09.052,0.71825,0.71842,1.00,1.75
2017.06.02 12:25:09.255,0.71825,0.71846,1.87,2.25
2017.06.02 12:25:09.356,0.7183,0.71846,1.00,1.50
2017.06.02 12:25:09.629,0.7183,0.71852,2.25,5.62
2017.06.02 12:25:09.680,0.71831,0.71852,1.50,2.25
2017.06.02 12:25:09.969,0.71835,0.71851,1.00,3.22
2017.06.02 12:25:10.020,0.7183,0.71851,1.37,3.22
2017.06.02 12:25:10.071,0.7183,0.71852,2.25,2.10
2017.06.02 12:25:10.172,0.7183,0.71852,1.75,1.35
2017.06.02 12:25:10.475,0.71825,0.71846,3.37,1.37
2017.06.02 12:25:10.526,0.71825,0.71846,1.75,1.50
2017.06.02 12:25:10.688,0.71825,0.71845,1.75,1.37
2017.06.02 12:25:11.492,0.71825,0.71845,1.37,1.50
2017.06.02 12:25:13.391,0.71828,0.71845,1.12,1.00
2017.06.02 12:25:13.543,0.71829,0.71848,1.50,1.00
2017.06.02 12:25:13.858,0.71829,0.71846,1.00,1.00
2017.06.02 12:25:14.209,0.71825,0.71845,1.50,1.75
2017.06.02 12:25:16.229,0.7183,0.71844,1.00,1.50
2017.06.02 12:25:16.431,0.71832,0.71852,1.12,1.75
2017.06.02 12:25:16.482,0.71833,0.7185,1.37,1.00
2017.06.02 12:25:16.835,0.71832,0.71849,1.00,1.00
2017.06.02 12:25:16.886,0.71831,0.71852,1.37,1.75
2017.06.02 12:25:16.937,0.71831,0.71852,1.75,1.50
2017.06.02 12:25:17.877,0.7183,0.71852,2.25,2.10
2017.06.02 12:25:18.233,0.71831,0.71851,1.75,1.12
2017.06.02 12:25:20.772,0.71835,0.71853,1.00,1.75
2017.06.02 12:25:21.295,0.71832,0.71855,1.75,2.25
2017.06.02 12:25:23.848,0.71835,0.71855,1.00,2.10
2017.06.02 12:25:26.614,0.71834,0.71849,1.12,1.35
2017.06.02 12:25:26.866,0.71829,0.71846,1.00,1.37
2017.06.02 12:25:28.182,0.7183,0.71845,1.00,1.50
2017.06.02 12:25:28.374,0.71826,0.71844,1.00,1.00
2017.06.02 12:25:28.879,0.71826,0.71845,1.00,1.50
2017.06.02 12:25:29.031,0.7183,0.71845,1.00,1.50
2017.06.02 12:25:29.913,0.7183,0.71844,1.00,1.00
2017.06.02 12:25:30.160,0.71826,0.71844,1.00,1.00
2017.06.02 12:25:30.708,0.71825,0.71843,1.50,1.00
2017.06.02 12:25:31.254,0.71824,0.71843,1.50,1.00
2017.06.02 12:25:31.881,0.7183,0.71843,1.00,1.00
2017.06.02 12:25:32.060,0.71825,0.71843,1.00,1.00
2017.06.02 12:25:33.155,0.7183,0.71843,1.00,1.00
2017.06.02 12:25:33.391,0.7183,0.71849,1.50,1.12
2017.06.02 12:25:33.593,0.7183,0.71849,1.50,1.97
2017.06.02 12:25:34.318,0.7183,0.71848,1.00,1.37
2017.06.02 12:25:34.480,0.71827,0.71846,1.00,1.00
2017.06.02 12:25:34.909,0.71825,0.71846,1.50,2.10
2017.06.02 12:25:39.813,0.71824,0.71843,1.37,2.47
2017.06.02 12:25:39.914,0.71822,0.71841,1.00,1.00
2017.06.02 12:25:40.015,0.71825,0.71841,1.00,1.00
2017.06.02 12:25:40.532,0.71825,0.71843,1.12,1.50
2017.06.02 12:25:43.816,0.71825,0.71844,1.00,3.00
2017.06.02 12:25:47.425,0.7182,0.71842,2.62,1.75
2017.06.02 12:25:47.627,0.7182,0.71842,1.75,2.10
2017.06.02 12:25:47.678,0.71825,0.71842,1.00,2.25
2017.06.02 12:25:47.815,0.7182,0.71842,1.75,2.25
2017.06.02 12:25:48.112,0.71825,0.71843,1.00,2.10
2017.06.02 12:25:48.314,0.71824,0.71843,1.12,1.75
2017.06.02 12:25:49.337,0.71825,0.71843,1.00,2.10
2017.06.02 12:25:49.489,0.7182,0.71841,1.75,2.47
2017.06.02 12:25:49.791,0.71819,0.71836,1.00,1.75
2017.06.02 12:25:49.961,0.71814,0.71836,2.25,1.75
2017.06.02 12:25:50.660,0.71815,0.71835,1.37,1.75
2017.06.02 12:25:50.863,0.71815,0.71834,1.50,1.50
2017.06.02 12:25:51.555,0.71815,0.71835,1.12,2.25
2017.06.02 12:25:52.034,0.71815,0.71834,1.50,1.00
2017.06.02 12:25:53.333,0.71815,0.71835,1.50,1.75
2017.06.02 12:26:00.339,0.71815,0.71833,1.00,1.75
2017.06.02 12:26:00.440,0.71815,0.71831,1.12,1.00
2017.06.02 12:26:00.642,0.71815,0.71838,1.37,3.37
2017.06.02 12:26:00.997,0.7182,0.71838,1.00,4.87
2017.06.02 12:26:05.245,0.71815,0.71837,1.37,1.75
2017.06.02 12:26:05.753,0.7182,0.71837,1.00,1.75
2017.06.02 12:26:12.524,0.71819,0.71838,1.00,2.62
2017.06.02 12:26:12.625,0.71819,0.7184,1.12,3.37
2017.06.02 12:26:12.727,0.71819,0.71837,1.37,1.00
2017.06.02 12:26:13.990,0.7182,0.71841,1.50,1.75
2017.06.02 12:26:14.556,0.7182,0.71841,1.75,2.25
2017.06.02 12:26:17.935,0.7182,0.71839,1.75,1.67
2017.06.02 12:26:18.439,0.7182,0.71839,1.37,1.67
2017.06.02 12:26:18.952,0.7182,0.71838,1.00,1.00
2017.06.02 12:26:26.744,0.71825,0.71838,1.00,1.00
2017.06.02 12:26:26.996,0.71825,0.71845,1.00,5.47
2017.06.02 12:26:29.150,0.71825,0.71845,1.50,1.87
2017.06.02 12:26:30.647,0.71824,0.71842,1.75,2.10
2017.06.02 12:26:31.013,0.7182,0.7184,1.75,2.47
2017.06.02 12:26:31.064,0.7182,0.71838,1.50,1.00
2017.06.02 12:26:31.119,0.7182,0.71839,1.12,1.35
2017.06.02 12:26:34.896,0.71819,0.71839,1.12,2.10
2017.06.02 12:26:35.440,0.7182,0.7184,1.00,1.75
2017.06.02 12:26:36.641,0.7182,0.71839,1.00,1.60
2017.06.02 12:26:37.228,0.7182,0.71839,1.50,1.60
2017.06.02 12:26:38.032,0.71825,0.71839,1.00,1.00
2017.06.02 12:26:38.285,0.71827,0.71845,1.00,1.35
2017.06.02 12:26:38.630,0.71827,0.71845,1.00,1.60
2017.06.02 12:26:38.942,0.71825,0.71844,3.37,1.30
2017.06.02 12:26:39.468,0.71825,0.71845,2.25,1.30
2017.06.02 12:26:40.011,0.71826,0.71846,1.75,1.35
2017.06.02 12:26:41.159,0.71826,0.71847,1.75,1.35
2017.06.02 12:26:49.060,0.7183,0.71849,1.00,2.85
2017.06.02 12:26:52.810,0.71826,0.71845,1.75,1.12
2017.06.02 12:26:54.202,0.71825,0.71845,3.75,1.72
2017.06.02 12:26:54.404,0.71824,0.71843,1.75,1.67
2017.06.02 12:27:01.994,0.71821,0.71842,2.25,1.30
2017.06.02 12:27:02.095,0.71821,0.71843,2.25,1.67
2017.06.02 12:27:02.269,0.71821,0.71843,1.75,3.60
2017.06.02 12:27:02.572,0.71815,0.71834,1.75,2.85
2017.06.02 12:27:02.623,0.71815,0.71833,1.00,1.35
2017.06.02 12:27:03.200,0.71812,0.71833,1.50,3.60
2017.06.02 12:27:03.301,0.71809,0.7183,2.25,2.10
2017.06.02 12:27:03.402,0.7181,0.71828,1.37,1.30
2017.06.02 12:27:03.503,0.7181,0.71828,1.00,1.60
2017.06.02 12:27:03.604,0.7181,0.71828,1.00,1.67
2017.06.02 12:27:03.755,0.7181,0.71828,1.37,1.30
2017.06.02 12:27:07.119,0.71812,0.71831,1.00,1.00
2017.06.02 12:27:07.305,0.71812,0.71833,1.50,1.35
2017.06.02 12:27:08.504,0.71812,0.71834,1.75,4.72
2017.06.02 12:27:11.111,0.71816,0.71836,1.00,1.35
2017.06.02 12:27:11.161,0.71816,0.71836,1.37,1.67
2017.06.02 12:27:11.263,0.71815,0.71838,3.00,1.67
2017.06.02 12:27:11.566,0.71811,0.71832,3.37,2.10
2017.06.02 12:27:11.730,0.71811,0.7183,1.00,1.00
2017.06.02 12:27:12.317,0.71811,0.71832,1.50,1.35
2017.06.02 12:27:12.915,0.71814,0.71832,1.12,1.67
2017.06.02 12:27:13.265,0.71815,0.71834,1.50,2.47
2017.06.02 12:27:13.316,0.71815,0.71835,1.50,1.37
2017.06.02 12:27:23.564,0.7182,0.71836,1.00,1.67
2017.06.02 12:27:24.774,0.7182,0.71842,1.12,3.97
2017.06.02 12:27:24.841,0.7182,0.71842,1.50,3.97
2017.06.02 12:27:24.892,0.7182,0.71842,1.75,2.10
2017.06.02 12:27:31.939,0.71818,0.7184,3.37,2.47
2017.06.02 12:27:32.106,0.71821,0.7184,1.00,2.10
2017.06.02 12:27:32.783,0.71817,0.71839,2.25,1.67
2017.06.02 12:27:33.008,0.71818,0.71839,1.75,1.67
2017.06.02 12:27:39.020,0.71819,0.71839,1.12,2.10
2017.06.02 12:27:39.428,0.71816,0.71836,1.75,1.72
2017.06.02 12:27:39.579,0.71816,0.71838,1.12,2.85
2017.06.02 12:27:39.681,0.71815,0.71835,2.25,1.72
2017.06.02 12:27:40.005,0.71808,0.71829,4.12,2.10
2017.06.02 12:27:40.106,0.7181,0.71827,1.00,1.00
2017.06.02 12:27:40.207,0.71805,0.71826,1.75,3.00
2017.06.02 12:27:40.510,0.71801,0.71824,3.00,1.35
2017.06.02 12:27:41.802,0.71801,0.71825,1.75,2.85
2017.06.02 12:27:43.512,0.71805,0.71823,1.00,1.35
2017.06.02 12:27:44.032,0.71801,0.71823,1.75,1.35
2017.06.02 12:27:44.642,0.71801,0.71822,1.75,1.35
2017.06.02 12:27:44.794,0.71799,0.71822,2.25,2.85
2017.06.02 12:27:45.917,0.71805,0.71822,1.00,2.85
2017.06.02 12:27:46.351,0.718,0.71819,1.75,1.30
2017.06.02 12:27:46.575,0.71799,0.71819,1.75,3.22
2017.06.02 12:27:46.626,0.71799,0.71817,1.00,1.60
2017.06.02 12:27:46.727,0.71799,0.71817,1.00,1.50
2017.06.02 12:27:46.829,0.71799,0.71816,1.00,1.35
2017.06.02 12:27:47.031,0.71795,0.71816,1.75,2.10
2017.06.02 12:27:47.215,0.71795,0.71815,1.12,1.75
2017.06.02 12:27:48.010,0.71795,0.71813,1.00,2.10
2017.06.02 12:27:48.168,0.71793,0.71813,1.12,1.75
2017.06.02 12:27:48.218,0.71795,0.71811,1.00,1.50
2017.06.02 12:27:48.420,0.7179,0.71811,2.62,1.50
2017.06.02 12:27:48.521,0.71791,0.71814,1.87,3.97
2017.06.02 12:27:49.616,0.71794,0.71812,1.00,2.10
2017.06.02 12:27:51.307,0.7179,0.71812,1.75,1.75
2017.06.02 12:27:52.596,0.71792,0.71814,1.50,1.75
2017.06.02 12:27:52.647,0.71792,0.71814,1.75,1.75
2017.06.02 12:27:52.757,0.71799,0.71816,1.00,3.37
2017.06.02 12:27:52.808,0.71799,0.71819,1.00,2.25
2017.06.02 12:27:52.909,0.718,0.71818,1.00,1.00
2017.06.02 12:27:53.010,0.718,0.71824,1.75,2.25
2017.06.02 12:27:55.685,0.71798,0.7182,2.62,2.47
2017.06.02 12:27:55.836,0.71794,0.71817,2.62,2.85
2017.06.02 12:27:55.937,0.71794,0.71817,2.25,2.85
2017.06.02 12:27:57.929,0.71795,0.71813,1.50,1.00
2017.06.02 12:28:00.142,0.71795,0.7181,1.00,1.00
2017.06.02 12:28:00.355,0.7179,0.7181,1.12,2.25
2017.06.02 12:28:00.567,0.7179,0.71807,1.00,1.75
2017.06.02 12:28:00.668,0.71785,0.71807,1.75,2.25
2017.06.02 12:28:00.825,0.71784,0.71801,1.37,1.00
2017.06.02 12:28:00.876,0.71784,0.71803,1.12,1.75
2017.06.02 12:28:00.927,0.71784,0.71805,1.12,4.12
2017.06.02 12:28:01.079,0.71785,0.71807,1.12,4.12
2017.06.02 12:28:01.180,0.71785,0.71807,1.50,2.25
2017.06.02 12:28:01.540,0.71781,0.71805,2.62,3.00
2017.06.02 12:28:03.932,0.7178,0.71803,4.87,3.60
2017.06.02 12:28:03.982,0.7178,0.71803,3.00,3.60
2017.06.02 12:28:04.456,0.71781,0.71806,1.75,3.75
2017.06.02 12:28:04.984,0.7178,0.71806,1.12,1.87
2017.06.02 12:28:05.877,0.71781,0.71805,1.00,1.00
2017.06.02 12:28:06.408,0.7178,0.71806,1.87,1.72
2017.06.02 12:28:12.032,0.71784,0.71807,1.00,1.72
2017.06.02 12:28:12.083,0.71781,0.71807,1.50,1.35
2017.06.02 12:28:12.134,0.71784,0.71806,1.00,1.35
2017.06.02 12:28:12.235,0.71781,0.71807,1.50,2.10
2017.06.02 12:28:12.488,0.7178,0.71807,2.62,2.10
2017.06.02 12:28:12.760,0.71785,0.71807,1.00,2.10
2017.06.02 12:28:12.830,0.71781,0.71807,1.12,2.10
2017.06.02 12:28:13.346,0.71785,0.71807,1.00,1.72
2017.06.02 12:28:13.433,0.71781,0.71807,1.00,1.72
2017.06.02 12:28:13.983,0.71785,0.71806,1.00,1.60
2017.06.02 12:28:14.052,0.71781,0.71806,1.00,1.60
2017.06.02 12:28:14.637,0.71784,0.71807,1.00,2.47
2017.06.02 12:28:14.730,0.71781,0.71807,1.00,2.47
2017.06.02 12:28:15.640,0.71781,0.71807,1.00,2.47
2017.06.02 12:28:16.847,0.71782,0.71807,1.00,2.47
2017.06.02 12:28:16.948,0.71785,0.71808,1.00,2.25
2017.06.02 12:28:17.251,0.7179,0.71811,1.00,1.12
2017.06.02 12:28:17.302,0.71786,0.71811,1.50,1.12
2017.06.02 12:28:17.920,0.7179,0.71811,1.00,1.12
2017.06.02 12:28:18.021,0.71786,0.71811,1.50,1.12
2017.06.02 12:28:18.959,0.7179,0.71815,1.00,2.25
2017.06.02 12:28:19.208,0.71789,0.71813,1.12,1.35
2017.06.02 12:28:19.309,0.71786,0.71813,1.75,2.47
2017.06.02 12:28:19.515,0.71785,0.71811,2.62,1.30
2017.06.02 12:28:20.886,0.7179,0.71811,1.00,1.30
2017.06.02 12:28:21.106,0.71786,0.71811,1.00,1.30
2017.06.02 12:28:21.767,0.7179,0.71811,1.00,1.30
2017.06.02 12:28:22.094,0.71793,0.71819,1.00,2.85
2017.06.02 12:28:22.195,0.71792,0.71819,1.50,2.85
2017.06.02 12:28:22.653,0.71794,0.71818,1.00,1.67
2017.06.02 12:28:22.705,0.71792,0.71818,1.00,1.67
2017.06.02 12:28:23.115,0.71794,0.71818,1.00,1.67
2017.06.02 12:28:23.895,0.71791,0.71818,1.87,1.67
2017.06.02 12:28:24.555,0.71792,0.71819,1.00,1.35
2017.06.02 12:28:25.159,0.7179,0.71818,2.25,2.25
2017.06.02 12:28:25.210,0.7179,0.71817,1.87,1.00
2017.06.02 12:28:26.303,0.71795,0.71817,1.37,1.00
2017.06.02 12:28:26.405,0.71795,0.7182,1.50,1.00
2017.06.02 12:28:26.506,0.71793,0.71819,1.50,1.00
2017.06.02 12:28:26.612,0.71793,0.71819,1.12,1.75
2017.06.02 12:28:29.656,0.71792,0.71818,1.12,2.10
2017.06.02 12:28:30.053,0.71795,0.71818,1.00,2.10
2017.06.02 12:28:30.633,0.71794,0.71818,1.50,2.10
2017.06.02 12:28:31.159,0.71795,0.71818,1.00,2.10
2017.06.02 12:28:32.017,0.71796,0.71818,1.00,1.50
2017.06.02 12:28:32.119,0.71796,0.71823,1.12,2.62
2017.06.02 12:28:32.220,0.71795,0.71823,2.62,1.50
2017.06.02 12:28:32.775,0.71796,0.71823,1.87,1.87
2017.06.02 12:28:33.336,0.71797,0.71823,1.50,1.87
2017.06.02 12:28:33.945,0.718,0.71823,1.00,1.12
2017.06.02 12:28:35.032,0.718,0.71823,1.00,2.62
2017.06.02 12:28:35.083,0.71796,0.71823,1.00,2.62
2017.06.02 12:28:35.357,0.718,0.71823,1.00,1.37
2017.06.02 12:28:35.459,0.71795,0.71823,1.87,1.00
2017.06.02 12:28:35.510,0.71796,0.71823,1.00,3.00
2017.06.02 12:28:35.611,0.71796,0.71823,1.37,2.62
2017.06.02 12:28:35.990,0.718,0.71823,1.00,2.62
2017.06.02 12:28:36.041,0.71796,0.71823,1.37,2.62
2017.06.02 12:28:36.209,0.718,0.71823,1.00,2.62
2017.06.02 12:28:36.399,0.71796,0.71823,1.37,2.62
2017.06.02 12:28:36.586,0.718,0.71823,1.00,2.62
2017.06.02 12:28:36.636,0.71796,0.71823,1.87,2.62
2017.06.02 12:28:37.184,0.718,0.71823,1.00,1.87
2017.06.02 12:28:37.235,0.71797,0.71822,1.37,1.00
2017.06.02 12:28:37.737,0.718,0.71823,1.00,1.87
2017.06.02 12:28:37.859,0.71797,0.71823,1.37,1.87
2017.06.02 12:28:38.364,0.718,0.71823,1.00,1.87
2017.06.02 12:28:38.466,0.71796,0.71823,2.62,1.87
2017.06.02 12:28:39.011,0.718,0.71823,1.00,1.87
2017.06.02 12:28:39.062,0.71796,0.71823,2.62,1.87
2017.06.02 12:28:39.613,0.71799,0.71823,1.00,1.87
2017.06.02 12:28:40.243,0.71796,0.71823,1.87,1.12
2017.06.02 12:28:40.791,0.71799,0.71823,1.00,1.12
2017.06.02 12:28:41.000,0.71796,0.71821,1.37,1.00
2017.06.02 12:28:41.509,0.71796,0.71822,1.87,1.00
2017.06.02 12:28:41.987,0.718,0.71822,1.00,1.00
2017.06.02 12:28:42.038,0.71796,0.71822,1.50,1.00
2017.06.02 12:28:42.562,0.718,0.71822,1.00,1.00
2017.06.02 12:28:42.741,0.71796,0.71822,1.50,1.00
2017.06.02 12:28:43.139,0.718,0.71822,1.00,1.00
2017.06.02 12:28:43.234,0.71796,0.71822,1.50,1.00
2017.06.02 12:28:43.807,0.718,0.71824,1.00,1.37
2017.06.02 12:28:43.857,0.71796,0.71823,1.87,1.12
2017.06.02 12:28:44.338,0.718,0.71823,1.00,1.12
2017.06.02 12:28:44.431,0.71796,0.71823,1.87,1.12
2017.06.02 12:28:44.505,0.718,0.71823,1.00,1.12
2017.06.02 12:28:45.034,0.71796,0.71823,1.87,1.12
2017.06.02 12:28:45.557,0.718,0.71823,1.00,1.12
2017.06.02 12:28:45.633,0.71796,0.71823,1.37,1.12
2017.06.02 12:28:45.683,0.718,0.71823,1.00,1.12
2017.06.02 12:28:46.070,0.71796,0.71823,1.37,1.12
2017.06.02 12:28:46.204,0.718,0.71823,1.00,1.12
2017.06.02 12:28:46.961,0.71799,0.71823,1.00,1.12
2017.06.02 12:28:47.508,0.718,0.71823,1.00,1.12
2017.06.02 12:28:48.731,0.71799,0.71823,1.12,1.00
2017.06.02 12:28:49.344,0.718,0.71823,1.00,1.00
2017.06.02 12:28:49.546,0.71797,0.71824,1.12,1.50
2017.06.02 12:28:49.760,0.718,0.71824,1.00,1.50
2017.06.02 12:28:50.311,0.718,0.71824,1.00,1.00
2017.06.02 12:28:50.832,0.71799,0.71824,2.25,1.00
2017.06.02 12:28:51.426,0.718,0.71824,1.00,1.00
2017.06.02 12:28:52.560,0.71799,0.71825,1.50,1.50
2017.06.02 12:28:55.505,0.71799,0.71824,1.00,1.00
2017.06.02 12:28:56.240,0.718,0.71824,1.00,1.00
2017.06.02 12:28:56.445,0.71798,0.71823,1.12,1.00
2017.06.02 12:28:57.172,0.71796,0.71823,1.37,1.00
2017.06.02 12:28:58.029,0.71797,0.71823,1.37,1.50
2017.06.02 12:28:59.662,0.71797,0.71823,1.12,1.00
2017.06.02 12:29:00.264,0.718,0.71823,1.00,1.00
2017.06.02 12:29:00.463,0.718,0.7183,1.00,1.00
2017.06.02 12:29:00.565,0.718,0.71823,1.00,1.00
2017.06.02 12:29:01.207,0.71795,0.71823,1.50,1.00
2017.06.02 12:29:01.560,0.71795,0.7183,1.00,1.00
2017.06.02 12:29:01.661,0.71795,0.71825,1.00,1.00
2017.06.02 12:29:01.872,0.71795,0.7183,1.00,1.00
2017.06.02 12:29:02.051,0.718,0.7183,1.00,1.00
2017.06.02 12:29:02.159,0.71794,0.71826,1.00,1.00
2017.06.02 12:29:02.735,0.71795,0.71825,1.00,1.00
2017.06.02 12:29:02.816,0.71794,0.71821,1.00,1.00
2017.06.02 12:29:03.683,0.71799,0.71826,1.00,1.00
2017.06.02 12:29:03.734,0.71795,0.71825,1.00,1.00
2017.06.02 12:29:04.388,0.71794,0.71826,1.00,1.00
2017.06.02 12:29:04.439,0.718,0.7183,1.00,1.00
2017.06.02 12:29:04.641,0.71795,0.7183,1.00,1.00
2017.06.02 12:29:07.989,0.718,0.71835,1.00,1.75
2017.06.02 12:29:08.090,0.71795,0.7183,1.00,1.00
2017.06.02 12:29:08.141,0.718,0.71835,1.00,1.75
2017.06.02 12:29:08.192,0.71795,0.71835,1.00,1.00
2017.06.02 12:29:09.194,0.7179,0.7183,2.25,1.00
2017.06.02 12:29:09.295,0.7179,0.7183,1.50,1.00
2017.06.02 12:29:09.525,0.7179,0.7183,1.00,1.75
2017.06.02 12:29:10.794,0.7179,0.7183,1.00,1.75
2017.06.02 12:29:11.453,0.71791,0.7183,1.00,1.75
2017.06.02 12:29:11.720,0.71795,0.7183,1.00,1.12
2017.06.02 12:29:11.922,0.718,0.7183,1.00,1.12
2017.06.02 12:29:12.023,0.71795,0.7183,1.00,1.12
2017.06.02 12:29:12.124,0.71789,0.71831,1.00,1.37
2017.06.02 12:29:12.687,0.7179,0.7183,1.00,1.12
2017.06.02 12:29:12.857,0.71795,0.71835,1.00,1.75
2017.06.02 12:29:12.908,0.71795,0.71835,1.00,2.25
2017.06.02 12:29:13.009,0.71795,0.71826,1.00,1.00
2017.06.02 12:29:13.355,0.718,0.71826,1.00,1.00
2017.06.02 12:29:13.794,0.71796,0.71827,1.00,1.00
2017.06.02 12:29:15.069,0.718,0.71827,1.00,1.00
2017.06.02 12:29:15.121,0.718,0.71833,1.00,1.00
2017.06.02 12:29:15.323,0.71797,0.7183,1.00,1.00
2017.06.02 12:29:15.499,0.718,0.71835,1.00,1.12
2017.06.02 12:29:16.240,0.71795,0.71835,1.50,1.12
2017.06.02 12:29:16.341,0.718,0.71837,1.00,1.75
2017.06.02 12:29:16.604,0.71795,0.71835,1.00,1.12
2017.06.02 12:29:16.857,0.718,0.71838,1.00,1.75
2017.06.02 12:29:17.008,0.718,0.71839,1.00,1.00
2017.06.02 12:29:17.116,0.71805,0.71839,1.00,1.00
2017.06.02 12:29:18.182,0.718,0.71838,1.00,1.00
2017.06.02 12:29:18.560,0.718,0.71835,1.00,1.00
2017.06.02 12:29:19.255,0.718,0.71839,1.00,1.12
2017.06.02 12:29:19.413,0.718,0.71835,1.00,1.00
2017.06.02 12:29:19.722,0.71796,0.7183,1.00,1.00
2017.06.02 12:29:20.025,0.718,0.71834,1.00,1.50
2017.06.02 12:29:20.343,0.71805,0.7184,1.00,1.75
2017.06.02 12:29:20.495,0.71805,0.7184,1.00,1.50
2017.06.02 12:29:21.156,0.718,0.71835,1.00,1.00
2017.06.02 12:29:21.304,0.71795,0.7183,1.00,1.00
2017.06.02 12:29:22.015,0.71794,0.71831,1.00,1.50
2017.06.02 12:29:22.346,0.71805,0.71834,1.00,1.00
2017.06.02 12:29:22.498,0.71805,0.71839,1.00,1.12
2017.06.02 12:29:22.861,0.718,0.71839,1.00,1.12
2017.06.02 12:29:23.121,0.71799,0.71836,1.00,1.00
2017.06.02 12:29:23.430,0.7179,0.71825,1.00,1.00
2017.06.02 12:29:24.163,0.7179,0.7183,1.00,1.12
2017.06.02 12:29:24.616,0.71795,0.71835,1.00,2.25
2017.06.02 12:29:24.667,0.7179,0.7183,1.00,1.00
2017.06.02 12:29:24.717,0.7179,0.7183,2.62,1.00
2017.06.02 12:29:24.952,0.71795,0.71835,1.12,1.00
2017.06.02 12:29:25.003,0.7179,0.7183,3.00,1.00
2017.06.02 12:29:25.331,0.718,0.71834,1.00,1.00
2017.06.02 12:29:25.681,0.71792,0.71834,1.00,1.00
2017.06.02 12:29:25.748,0.718,0.71834,1.00,1.00
2017.06.02 12:29:26.020,0.71795,0.7183,1.00,1.00
2017.06.02 12:29:26.071,0.718,0.71834,1.00,1.00
2017.06.02 12:29:26.216,0.71794,0.71834,1.00,1.00
2017.06.02 12:29:26.266,0.71804,0.71834,1.00,1.00
2017.06.02 12:29:26.504,0.718,0.71834,1.00,1.00
2017.06.02 12:29:26.555,0.71795,0.71834,1.00,1.00
2017.06.02 12:29:26.738,0.718,0.71834,1.00,1.00
2017.06.02 12:29:27.067,0.718,0.71836,1.00,1.00
2017.06.02 12:29:30.113,0.71809,0.7184,1.00,1.75
2017.06.02 12:29:30.164,0.71806,0.7185,1.00,2.25
2017.06.02 12:29:30.215,0.71815,0.71845,1.00,1.00
2017.06.02 12:29:30.316,0.71807,0.7184,1.12,1.00
2017.06.02 12:29:30.366,0.71804,0.71841,1.75,1.00
2017.06.02 12:29:30.562,0.71805,0.7184,1.00,1.00
2017.06.02 12:29:30.764,0.71804,0.71835,1.00,1.00
2017.06.02 12:29:30.865,0.71804,0.7184,1.00,1.00
2017.06.02 12:29:31.364,0.71802,0.7184,1.00,1.00
2017.06.02 12:29:31.415,0.71797,0.71836,2.25,1.00
2017.06.02 12:29:31.718,0.7179,0.7183,1.50,1.00
2017.06.02 12:29:31.769,0.7179,0.7183,1.87,1.00
2017.06.02 12:29:31.971,0.71795,0.71835,1.00,1.50
2017.06.02 12:29:32.072,0.7179,0.71831,1.75,1.00
2017.06.02 12:29:32.340,0.718,0.7184,1.37,1.50
2017.06.02 12:29:32.441,0.718,0.71845,1.50,2.25
2017.06.02 12:29:32.542,0.71805,0.71845,1.00,2.25
2017.06.02 12:29:33.049,0.718,0.71845,1.50,1.50
2017.06.02 12:29:33.232,0.71805,0.7185,1.00,3.00
2017.06.02 12:29:33.569,0.71805,0.71845,1.00,1.00
2017.06.02 12:29:34.314,0.718,0.71845,1.75,1.00
2017.06.02 12:29:34.416,0.718,0.71845,1.50,1.50
2017.06.02 12:29:34.945,0.71795,0.71835,1.75,1.00
2017.06.02 12:29:35.067,0.71795,0.71835,1.75,1.00
2017.06.02 12:29:35.219,0.71795,0.7184,1.12,1.75
2017.06.02 12:29:35.270,0.71795,0.7184,1.37,1.37
2017.06.02 12:29:35.572,0.71789,0.71836,1.75,1.87
2017.06.02 12:29:35.623,0.7179,0.71836,1.75,1.12
2017.06.02 12:29:35.674,0.7179,0.71836,2.25,1.37
2017.06.02 12:29:35.775,0.7179,0.71836,2.25,1.37
2017.06.02 12:29:36.102,0.7179,0.71836,2.25,1.00
2017.06.02 12:29:36.253,0.71791,0.71835,1.75,1.12
2017.06.02 12:29:36.455,0.71791,0.7183,1.75,1.00
2017.06.02 12:29:36.629,0.7179,0.71835,2.25,1.00
2017.06.02 12:29:37.137,0.71791,0.71836,1.75,1.00
2017.06.02 12:29:37.643,0.71789,0.71836,1.75,1.37
2017.06.02 12:29:37.712,0.71789,0.71836,1.75,1.75
2017.06.02 12:29:39.492,0.71795,0.71835,1.00,1.50
2017.06.02 12:29:39.543,0.71789,0.71831,1.75,1.00
2017.06.02 12:29:39.594,0.7179,0.71835,1.50,1.50
2017.06.02 12:29:39.865,0.7179,0.7183,1.50,1.00
2017.06.02 12:29:40.169,0.71786,0.7183,1.75,1.37
2017.06.02 12:29:40.270,0.71785,0.7183,1.50,1.50
2017.06.02 12:29:40.371,0.71785,0.7183,1.12,1.87
2017.06.02 12:29:40.522,0.71782,0.7182,1.75,1.87
2017.06.02 12:29:40.811,0.7178,0.71825,1.87,1.12
2017.06.02 12:29:40.862,0.71782,0.71825,1.75,1.00
2017.06.02 12:29:41.464,0.71781,0.71831,1.75,1.50
2017.06.02 12:29:41.726,0.71796,0.71839,1.00,1.75
2017.06.02 12:29:41.777,0.71796,0.7184,1.37,1.37
2017.06.02 12:29:41.828,0.71791,0.7184,2.25,1.00
2017.06.02 12:29:41.929,0.71796,0.7184,1.00,1.00
2017.06.02 12:29:42.145,0.71796,0.71835,1.00,1.00
2017.06.02 12:29:42.196,0.71788,0.71839,2.25,1.37
2017.06.02 12:29:42.354,0.71788,0.71839,2.25,1.75
2017.06.02 12:29:42.611,0.71789,0.71839,1.75,2.25
2017.06.02 12:29:43.065,0.71791,0.71839,1.75,1.50
2017.06.02 12:29:43.326,0.7179,0.71839,1.75,1.75
2017.06.02 12:29:43.434,0.7179,0.71834,1.75,1.00
2017.06.02 12:29:43.536,0.71785,0.7183,1.00,1.50
2017.06.02 12:29:43.586,0.71779,0.7183,1.75,1.87
2017.06.02 12:29:43.637,0.71779,0.7183,1.75,2.25
2017.06.02 12:29:44.400,0.71775,0.71827,3.00,2.25
2017.06.02 12:29:44.451,0.71775,0.71827,3.00,2.25
2017.06.02 12:29:46.509,0.7178,0.71827,1.00,2.25
2017.06.02 12:29:46.615,0.71775,0.71827,3.00,2.25
2017.06.02 12:29:46.766,0.7177,0.71824,3.00,2.25
2017.06.02 12:29:47.329,0.7177,0.71824,3.00,2.25
2017.06.02 12:29:48.167,0.7177,0.71822,1.75,1.75
2017.06.02 12:29:48.234,0.71772,0.71817,1.00,1.00
2017.06.02 12:29:48.471,0.71773,0.71824,1.37,1.75
2017.06.02 12:29:48.572,0.71775,0.71823,1.50,1.75
2017.06.02 12:29:48.674,0.71775,0.71827,2.25,1.75
2017.06.02 12:29:48.798,0.71775,0.71827,2.25,1.75
2017.06.02 12:29:48.900,0.71783,0.71835,1.50,1.75
2017.06.02 12:29:49.052,0.71787,0.71832,1.00,1.00
2017.06.02 12:29:49.828,0.7177,0.71845,1.00,1.00
2017.06.02 12:29:50.054,0.71765,0.71856,1.00,1.00
2017.06.02 12:29:50.419,0.7177,0.71856,1.00,1.00
2017.06.02 12:29:50.469,0.71765,0.71855,1.00,1.00
2017.06.02 12:29:50.768,0.7177,0.71856,1.00,1.00
2017.06.02 12:29:50.863,0.71765,0.71855,1.00,1.00
2017.06.02 12:29:50.965,0.71759,0.71856,1.00,1.50
2017.06.02 12:29:51.131,0.71764,0.71856,1.00,1.00
2017.06.02 12:29:51.181,0.7176,0.71856,1.00,1.00
2017.06.02 12:29:51.735,0.71767,0.71856,1.00,1.00
2017.06.02 12:29:52.041,0.71784,0.71866,1.00,1.00
2017.06.02 12:29:52.092,0.71764,0.71871,1.00,1.00
2017.06.02 12:29:52.387,0.71765,0.71875,1.00,1.00
2017.06.02 12:29:52.524,0.7176,0.7187,1.00,1.00
2017.06.02 12:29:52.587,0.71764,0.71876,1.00,1.00
2017.06.02 12:29:53.898,0.71765,0.71875,1.00,1.00
2017.06.02 12:29:56.015,0.71764,0.71876,1.00,1.00
2017.06.02 12:29:56.267,0.7177,0.7188,1.00,1.00
2017.06.02 12:29:56.909,0.71765,0.71875,1.00,1.00
2017.06.02 12:29:57.467,0.7177,0.7188,1.00,1.00
2017.06.02 12:29:58.111,0.71769,0.71881,1.00,1.00
2017.06.02 12:29:58.162,0.7174,0.71883,1.00,1.00
2017.06.02 12:29:58.956,0.7174,0.71905,1.00,1.00
2017.06.02 12:29:59.007,0.71735,0.719,1.00,1.00
2017.06.02 12:29:59.152,0.71735,0.71905,1.00,1.00
2017.06.02 12:29:59.562,0.71735,0.71915,1.00,1.00
2017.06.02 12:29:59.669,0.71735,0.7192,1.00,1.00
2017.06.02 12:30:00.056,0.71743,0.71885,1.00,1.00
2017.06.02 12:30:00.157,0.71739,0.71885,1.00,1.00
2017.06.02 12:30:00.421,0.71734,0.71921,1.00,1.00
2017.06.02 12:30:00.564,0.71735,0.71899,1.00,1.00
2017.06.02 12:30:01.242,0.71739,0.71885,1.00,1.00
2017.06.02 12:30:01.614,0.71737,0.7187,1.00,1.00
2017.06.02 12:30:01.766,0.71737,0.71887,1.00,1.00
2017.06.02 12:30:01.817,0.71725,0.7191,0.75,0.75
2017.06.02 12:30:01.956,0.7172,0.71905,0.75,0.75
2017.06.02 12:30:02.458,0.71725,0.7184,1.00,0.75
2017.06.02 12:30:02.509,0.71725,0.71845,1.00,0.75
2017.06.02 12:30:02.609,0.71715,0.71855,1.00,0.75
2017.06.02 12:30:02.762,0.71735,0.71865,1.00,0.75
2017.06.02 12:30:03.080,0.71787,0.71875,1.00,1.00
2017.06.02 12:30:03.131,0.71773,0.71875,1.00,1.00
2017.06.02 12:30:03.181,0.71768,0.7186,1.00,1.00
2017.06.02 12:30:03.482,0.71775,0.71855,1.00,1.00
2017.06.02 12:30:03.770,0.71749,0.71856,1.00,1.00
2017.06.02 12:30:03.821,0.71754,0.71861,1.00,1.00
2017.06.02 12:30:04.122,0.71778,0.71848,1.00,1.00
2017.06.02 12:30:04.273,0.7178,0.7186,1.00,1.00
2017.06.02 12:30:04.323,0.71785,0.71828,1.00,1.00
2017.06.02 12:30:04.521,0.71786,0.71865,1.00,1.00
2017.06.02 12:30:04.574,0.7179,0.7187,1.00,1.00
2017.06.02 12:30:04.626,0.71785,0.7187,1.00,1.00
2017.06.02 12:30:04.727,0.71785,0.71875,1.00,1.00
2017.06.02 12:30:04.888,0.7179,0.7186,1.00,1.00
2017.06.02 12:30:04.939,0.71773,0.71865,1.00,1.00
2017.06.02 12:30:04.989,0.71783,0.71865,1.00,1.00
2017.06.02 12:30:05.222,0.7177,0.71855,1.00,1.00
2017.06.02 12:30:05.272,0.71766,0.7185,1.00,1.00
2017.06.02 12:30:05.373,0.71765,0.71855,1.00,1.00
2017.06.02 12:30:05.423,0.7177,0.7185,1.00,1.00
2017.06.02 12:30:05.534,0.71769,0.71856,1.00,1.00
2017.06.02 12:30:05.584,0.71773,0.71845,1.00,1.00
2017.06.02 12:30:05.686,0.71775,0.71855,1.00,1.00
2017.06.02 12:30:05.737,0.7178,0.7186,1.00,1.00
2017.06.02 12:30:06.080,0.71786,0.71851,1.00,1.00
2017.06.02 12:30:06.130,0.7178,0.7185,1.00,1.00
2017.06.02 12:30:06.181,0.71791,0.7186,1.00,1.00
2017.06.02 12:30:06.282,0.71775,0.7185,1.00,1.00
2017.06.02 12:30:06.434,0.71779,0.7185,1.00,1.00
2017.06.02 12:30:06.484,0.71783,0.7186,1.00,1.00
2017.06.02 12:30:06.535,0.71786,0.71871,1.00,1.50
2017.06.02 12:30:06.636,0.7179,0.7187,1.00,1.00
2017.06.02 12:30:06.952,0.71782,0.7186,1.00,1.00
2017.06.02 12:30:07.254,0.7179,0.71862,3.37,2.62
2017.06.02 12:30:07.304,0.71795,0.71862,1.00,2.62
2017.06.02 12:30:07.355,0.71787,0.71864,1.75,2.62
2017.06.02 12:30:07.406,0.71785,0.71866,3.37,1.75
2017.06.02 12:30:07.576,0.71785,0.71863,1.75,2.62
2017.06.02 12:30:07.627,0.71794,0.71854,1.12,1.75
2017.06.02 12:30:07.678,0.71796,0.71858,1.00,1.75
2017.06.02 12:30:07.931,0.71792,0.71869,1.75,2.62
2017.06.02 12:30:08.032,0.71799,0.71859,1.12,1.75
2017.06.02 12:30:08.305,0.71792,0.71875,1.75,4.12
2017.06.02 12:30:08.356,0.71792,0.7187,1.75,1.75
2017.06.02 12:30:08.407,0.71792,0.71871,1.75,1.75
2017.06.02 12:30:08.457,0.71792,0.71875,1.75,1.75
2017.06.02 12:30:08.609,0.71808,0.71861,1.00,1.00
2017.06.02 12:30:08.660,0.71804,0.71858,1.37,1.37
2017.06.02 12:30:08.710,0.71801,0.71857,1.50,1.50
2017.06.02 12:30:08.761,0.71801,0.71857,1.50,1.12
2017.06.02 12:30:08.812,0.71804,0.71859,1.75,1.00
2017.06.02 12:30:08.947,0.71808,0.71863,1.75,1.00
2017.06.02 12:30:08.998,0.718,0.7187,1.75,1.75
2017.06.02 12:30:09.053,0.71801,0.71875,2.62,1.75
2017.06.02 12:30:09.205,0.718,0.71875,2.62,1.75
2017.06.02 12:30:09.356,0.718,0.7187,1.75,1.75
2017.06.02 12:30:09.406,0.718,0.7187,1.75,1.75
2017.06.02 12:30:09.558,0.71798,0.71878,1.75,1.75
2017.06.02 12:30:09.712,0.71802,0.71871,2.62,1.12
2017.06.02 12:30:09.813,0.71813,0.71867,1.00,1.00
2017.06.02 12:30:09.863,0.71796,0.71871,2.62,1.75
2017.06.02 12:30:09.914,0.71795,0.71871,1.75,1.75
2017.06.02 12:30:10.065,0.71796,0.71866,1.75,1.75
2017.06.02 12:30:10.116,0.71796,0.71866,1.75,1.75
2017.06.02 12:30:10.167,0.71797,0.7186,1.75,1.00
2017.06.02 12:30:10.470,0.71794,0.71869,1.75,1.75
2017.06.02 12:30:10.522,0.718,0.71869,1.75,1.75
2017.06.02 12:30:10.573,0.71805,0.71862,1.37,1.75
2017.06.02 12:30:10.624,0.71806,0.7186,1.00,1.00
2017.06.02 12:30:10.675,0.718,0.71874,1.75,1.75
2017.06.02 12:30:10.916,0.718,0.71862,1.75,1.75
2017.06.02 12:30:10.967,0.718,0.71864,1.75,1.75
2017.06.02 12:30:11.220,0.71795,0.7187,1.75,1.75
2017.06.02 12:30:11.270,0.718,0.71873,1.75,1.75
2017.06.02 12:30:11.422,0.718,0.71873,1.75,3.37
2017.06.02 12:30:11.582,0.718,0.7186,1.75,1.50
2017.06.02 12:30:11.633,0.71806,0.71863,1.00,1.75
2017.06.02 12:30:11.734,0.7181,0.71868,1.00,1.75
2017.06.02 12:30:11.785,0.71806,0.71865,1.37,1.75
2017.06.02 12:30:11.836,0.71805,0.71865,2.25,1.50
2017.06.02 12:30:11.937,0.71807,0.71865,1.75,1.12
2017.06.02 12:30:12.345,0.71811,0.71865,1.00,1.50
2017.06.02 12:30:12.717,0.7181,0.71864,1.75,1.12
2017.06.02 12:30:12.856,0.71804,0.71841,1.75,1.00
2017.06.02 12:30:12.906,0.7181,0.71855,1.00,1.00
2017.06.02 12:30:12.957,0.71804,0.71861,1.50,1.50
2017.06.02 12:30:13.008,0.71805,0.71857,1.00,1.50
2017.06.02 12:30:13.109,0.71806,0.7186,1.00,1.50
2017.06.02 12:30:13.160,0.718,0.7186,1.75,1.50
2017.06.02 12:30:13.309,0.71796,0.7185,1.75,1.50
2017.06.02 12:30:13.360,0.71799,0.7185,1.37,1.37
2017.06.02 12:30:13.504,0.71799,0.71854,1.75,1.00
2017.06.02 12:30:13.555,0.71805,0.71858,1.00,1.75
2017.06.02 12:30:13.860,0.71805,0.71847,1.12,1.00
2017.06.02 12:30:14.183,0.71803,0.71847,1.00,1.00
2017.06.02 12:30:14.234,0.71805,0.71855,1.00,1.75
2017.06.02 12:30:14.541,0.71804,0.71851,1.00,1.75
2017.06.02 12:30:14.857,0.718,0.71837,1.00,1.75
2017.06.02 12:30:14.958,0.71795,0.71839,1.00,1.50
2017.06.02 12:30:15.009,0.71796,0.71839,1.00,1.12
2017.06.02 12:30:15.110,0.71793,0.71839,1.00,1.00
2017.06.02 12:30:15.161,0.71795,0.71837,1.00,1.00
2017.06.02 12:30:15.211,0.71791,0.71835,1.00,1.00
2017.06.02 12:30:15.365,0.71789,0.71843,1.50,1.75
2017.06.02 12:30:15.469,0.71785,0.71832,1.37,1.37
2017.06.02 12:30:15.519,0.71785,0.71832,1.00,1.75
2017.06.02 12:30:15.570,0.71782,0.71829,1.00,1.00
2017.06.02 12:30:15.621,0.71783,0.71827,1.00,1.50
2017.06.02 12:30:15.772,0.7178,0.7183,1.00,1.75
2017.06.02 12:30:15.823,0.7178,0.71828,1.50,1.50
2017.06.02 12:30:15.874,0.7178,0.71829,1.50,1.75
2017.06.02 12:30:16.045,0.71781,0.71826,1.00,1.00
2017.06.02 12:30:16.277,0.71784,0.71829,1.00,1.12
2017.06.02 12:30:16.378,0.71786,0.71832,1.00,1.00
2017.06.02 12:30:16.429,0.71785,0.71829,1.50,1.00
2017.06.02 12:30:16.757,0.71787,0.71826,1.00,1.00
2017.06.02 12:30:16.858,0.71784,0.7183,1.00,1.00
2017.06.02 12:30:16.909,0.71788,0.71827,1.00,1.00
2017.06.02 12:30:17.060,0.71785,0.71828,1.00,1.00
2017.06.02 12:30:17.229,0.71787,0.71836,1.00,1.12
2017.06.02 12:30:17.281,0.71791,0.71832,1.00,1.00
2017.06.02 12:30:17.434,0.71796,0.71843,1.00,1.50
2017.06.02 12:30:17.586,0.71794,0.71844,1.12,1.00
2017.06.02 12:30:17.699,0.71794,0.71844,1.00,1.37
2017.06.02 12:30:18.002,0.71795,0.71837,1.00,1.00
2017.06.02 12:30:18.346,0.71788,0.7183,1.00,1.00
2017.06.02 12:30:18.447,0.71786,0.71834,1.00,1.50
2017.06.02 12:30:18.548,0.71786,0.71834,1.00,1.00
2017.06.02 12:30:18.649,0.71788,0.71839,1.00,1.75
2017.06.02 12:30:18.995,0.71793,0.71835,1.00,1.00
2017.06.02 12:30:19.045,0.71791,0.71836,1.00,1.00
2017.06.02 12:30:19.146,0.71793,0.71838,1.00,1.00
2017.06.02 12:30:19.247,0.71786,0.71837,2.25,1.00
2017.06.02 12:30:19.298,0.71789,0.71831,1.00,1.00
2017.06.02 12:30:19.581,0.71786,0.71834,1.00,1.12
2017.06.02 12:30:19.687,0.71785,0.71834,1.00,1.37
2017.06.02 12:30:19.839,0.71785,0.71832,1.00,1.12
2017.06.02 12:30:19.890,0.71785,0.71825,1.00,1.00
2017.06.02 12:30:20.225,0.71781,0.71822,1.00,1.00
2017.06.02 12:30:20.275,0.7178,0.71819,1.00,1.00
2017.06.02 12:30:20.427,0.71781,0.71826,1.00,1.50
2017.06.02 12:30:20.478,0.71779,0.71829,1.00,3.00
2017.06.02 12:30:20.528,0.71777,0.71823,1.00,1.00
2017.06.02 12:30:20.835,0.71778,0.71818,1.00,1.00
2017.06.02 12:30:20.885,0.71782,0.71827,1.00,1.75
2017.06.02 12:30:20.936,0.71789,0.71828,1.00,1.75
2017.06.02 12:30:20.987,0.71785,0.71829,1.00,1.50
2017.06.02 12:30:21.038,0.71785,0.71828,1.00,1.00
2017.06.02 12:30:21.090,0.71791,0.71831,1.00,1.37
2017.06.02 12:30:21.141,0.71792,0.71834,1.00,1.50
2017.06.02 12:30:21.343,0.71791,0.71831,1.00,1.00
2017.06.02 12:30:21.623,0.71782,0.7183,1.00,1.37
2017.06.02 12:30:21.825,0.71784,0.71828,1.00,1.50
2017.06.02 12:30:21.876,0.71782,0.71828,1.00,1.00
2017.06.02 12:30:21.977,0.71781,0.71829,1.00,1.75
2017.06.02 12:30:22.288,0.71782,0.71825,1.00,2.25
2017.06.02 12:30:22.541,0.71767,0.71814,1.00,1.00
2017.06.02 12:30:22.592,0.71766,0.71812,1.00,1.00
2017.06.02 12:30:22.931,0.71772,0.71811,1.50,1.50
2017.06.02 12:30:23.084,0.71773,0.71824,1.00,2.25
2017.06.02 12:30:23.135,0.71775,0.71818,1.00,1.00
2017.06.02 12:30:23.655,0.71774,0.71822,1.00,2.25
2017.06.02 12:30:23.959,0.71776,0.71817,1.00,1.00
2017.06.02 12:30:24.317,0.71775,0.71817,1.00,1.75
2017.06.02 12:30:24.620,0.7179,0.71826,1.00,1.75
2017.06.02 12:30:24.721,0.71789,0.71833,1.00,2.25
2017.06.02 12:30:24.822,0.71789,0.71829,1.00,1.50
2017.06.02 12:30:25.003,0.71792,0.71831,1.50,1.00
2017.06.02 12:30:25.104,0.71792,0.71839,1.50,3.75
2017.06.02 12:30:25.155,0.7179,0.71836,1.00,1.50
2017.06.02 12:30:25.206,0.7179,0.71832,1.00,1.00
2017.06.02 12:30:25.308,0.7179,0.71835,1.00,1.50
2017.06.02 12:30:25.500,0.7179,0.71831,1.00,1.00
2017.06.02 12:30:25.803,0.7179,0.71827,1.00,1.50
2017.06.02 12:30:26.223,0.7179,0.71831,1.00,1.00
2017.06.02 12:30:26.274,0.7179,0.71829,1.00,1.00
2017.06.02 12:30:26.427,0.71784,0.7183,1.75,1.00
2017.06.02 12:30:26.528,0.71785,0.71833,1.50,1.00
2017.06.02 12:30:26.733,0.71793,0.71835,1.00,1.50
2017.06.02 12:30:26.783,0.71789,0.71836,1.00,2.62
2017.06.02 12:30:26.834,0.71789,0.71833,1.00,1.00
2017.06.02 12:30:26.885,0.71789,0.71835,1.00,1.00
2017.06.02 12:30:26.936,0.71789,0.71832,1.00,1.00
2017.06.02 12:30:26.986,0.71785,0.71833,1.00,1.00
2017.06.02 12:30:27.037,0.71785,0.71828,1.00,1.00
2017.06.02 12:30:27.139,0.7178,0.71827,1.75,1.00
2017.06.02 12:30:27.298,0.71785,0.71824,1.00,1.00
2017.06.02 12:30:27.399,0.7178,0.71832,1.50,2.25
2017.06.02 12:30:27.500,0.71787,0.71832,1.00,1.75
2017.06.02 12:30:27.602,0.71787,0.71829,1.00,1.00
2017.06.02 12:30:27.704,0.71786,0.71833,1.00,1.87
2017.06.02 12:30:27.755,0.71786,0.71829,1.50,1.00
2017.06.02 12:30:28.067,0.71793,0.71836,1.00,1.12
2017.06.02 12:30:28.168,0.71785,0.71835,1.37,1.00
2017.06.02 12:30:28.269,0.71787,0.71829,1.00,1.00
2017.06.02 12:30:28.671,0.71792,0.71834,2.25,1.00
2017.06.02 12:30:28.973,0.71796,0.71836,1.00,1.37
2017.06.02 12:30:29.278,0.71797,0.71837,1.00,1.37
2017.06.02 12:30:29.520,0.71797,0.71838,1.37,1.00
2017.06.02 12:30:29.571,0.71794,0.71834,1.37,1.37
2017.06.02 12:30:29.622,0.71795,0.71835,1.00,1.37
2017.06.02 12:30:29.723,0.71791,0.71839,1.37,1.87
2017.06.02 12:30:29.977,0.71795,0.71846,1.50,1.50
2017.06.02 12:30:30.303,0.71795,0.71842,1.50,1.37
2017.06.02 12:30:30.505,0.71795,0.71842,1.37,1.00
2017.06.02 12:30:30.606,0.71799,0.7184,1.12,1.12
2017.06.02 12:30:30.909,0.71788,0.71835,1.75,1.87
2017.06.02 12:30:31.106,0.71787,0.71833,1.37,1.50
2017.06.02 12:30:31.207,0.7179,0.71833,1.37,1.00
2017.06.02 12:30:31.258,0.71795,0.71836,1.00,2.25
2017.06.02 12:30:31.309,0.7179,0.71836,1.37,1.00
2017.06.02 12:30:31.359,0.71795,0.71837,1.37,1.50
2017.06.02 12:30:31.410,0.71794,0.71835,1.00,1.37
2017.06.02 12:30:31.461,0.71787,0.71835,1.37,1.37
2017.06.02 12:30:31.721,0.71792,0.71836,1.37,1.12
2017.06.02 12:30:31.822,0.71792,0.71839,1.37,1.75
2017.06.02 12:30:31.873,0.71792,0.71838,1.00,1.37
2017.06.02 12:30:32.076,0.71788,0.71836,1.37,1.50
2017.06.02 12:30:32.396,0.7179,0.71836,1.50,1.12
2017.06.02 12:30:32.447,0.71789,0.71834,1.00,1.00
2017.06.02 12:30:32.751,0.7179,0.71832,1.00,1.37
2017.06.02 12:30:33.003,0.71787,0.71832,1.00,1.37
2017.06.02 12:30:33.356,0.71789,0.71832,1.00,1.37
2017.06.02 12:30:33.662,0.71794,0.71835,1.00,2.25
2017.06.02 12:30:33.713,0.7179,0.71835,1.00,2.25
2017.06.02 12:30:33.873,0.7179,0.7183,1.50,1.00
2017.06.02 12:30:33.942,0.71785,0.71828,1.00,1.00
2017.06.02 12:30:34.471,0.71785,0.71827,1.00,1.00
2017.06.02 12:30:34.572,0.71784,0.71825,1.00,1.12
2017.06.02 12:30:35.101,0.71781,0.71827,1.00,1.75
2017.06.02 12:30:35.309,0.71785,0.71827,1.00,1.75
2017.06.02 12:30:35.359,0.71781,0.71826,1.00,1.50
2017.06.02 12:30:35.410,0.71784,0.71825,1.00,1.12
2017.06.02 12:30:35.713,0.7179,0.71834,1.50,2.25
2017.06.02 12:30:35.764,0.7179,0.71834,1.50,2.25
2017.06.02 12:30:36.043,0.71779,0.71824,1.50,1.00
2017.06.02 12:30:36.246,0.7178,0.71824,1.00,1.50
2017.06.02 12:30:36.347,0.71775,0.7182,1.00,1.00
2017.06.02 12:30:36.398,0.71773,0.71819,1.00,1.00
2017.06.02 12:30:36.449,0.71772,0.71817,1.00,1.00
2017.06.02 12:30:36.772,0.71775,0.71815,1.00,1.00
2017.06.02 12:30:36.826,0.7177,0.71815,1.00,1.12
2017.06.02 12:30:36.928,0.71775,0.71815,1.00,1.50
2017.06.02 12:30:37.079,0.71776,0.71821,1.00,1.87
2017.06.02 12:30:37.181,0.7178,0.71825,1.00,1.50
2017.06.02 12:30:37.440,0.71781,0.71828,1.00,1.75
2017.06.02 12:30:37.541,0.71779,0.71826,1.50,1.87
2017.06.02 12:30:37.592,0.71779,0.71827,1.50,2.25
2017.06.02 12:30:38.041,0.71777,0.7182,1.00,1.00
2017.06.02 12:30:38.092,0.71775,0.7182,1.87,1.00
2017.06.02 12:30:38.396,0.7178,0.7182,1.00,1.50
2017.06.02 12:30:38.653,0.71785,0.71828,1.50,1.75
2017.06.02 12:30:38.856,0.71783,0.71827,1.00,1.00
2017.06.02 12:30:38.907,0.71781,0.71825,1.00,1.00
2017.06.02 12:30:39.232,0.71793,0.71834,1.00,2.25
2017.06.02 12:30:39.283,0.7179,0.71834,1.00,1.75
2017.06.02 12:30:39.384,0.71786,0.71832,1.00,1.50
2017.06.02 12:30:39.485,0.71786,0.71829,1.00,1.12
2017.06.02 12:30:39.796,0.71789,0.71831,1.00,1.75
2017.06.02 12:30:40.099,0.718,0.71846,1.50,1.75
2017.06.02 12:30:40.150,0.718,0.71846,1.50,1.75
2017.06.02 12:30:40.201,0.71802,0.71845,1.00,1.37
2017.06.02 12:30:40.376,0.71805,0.71848,1.00,1.37
2017.06.02 12:30:40.428,0.71805,0.71843,1.00,1.00
2017.06.02 12:30:40.480,0.718,0.7184,1.00,1.00
2017.06.02 12:30:40.531,0.71794,0.71841,2.25,1.50
2017.06.02 12:30:40.583,0.71797,0.71835,1.00,1.00
2017.06.02 12:30:40.633,0.71795,0.71839,1.37,1.00
2017.06.02 12:30:40.685,0.71795,0.71839,1.00,1.00
2017.06.02 12:30:40.736,0.71795,0.71835,1.00,1.00
2017.06.02 12:30:41.037,0.71794,0.71841,1.50,1.75
2017.06.02 12:30:41.139,0.71797,0.7184,1.00,1.37
2017.06.02 12:30:41.341,0.71795,0.7184,1.00,1.37
2017.06.02 12:30:41.492,0.718,0.71841,1.00,1.12
2017.06.02 12:30:41.795,0.7181,0.71845,1.00,1.37
2017.06.02 12:30:41.896,0.7181,0.71845,1.00,1.37
2017.06.02 12:30:41.997,0.71815,0.7185,1.00,1.87
2017.06.02 12:30:42.149,0.7182,0.71855,1.00,1.37
2017.06.02 12:30:42.199,0.71825,0.7186,1.00,1.37
2017.06.02 12:30:42.373,0.71825,0.7186,1.00,1.00
2017.06.02 12:30:42.424,0.7182,0.71855,1.00,1.00
