2017.06.12 05:00:00.188,0.72893,0.72914,1.00,1.69
2017.06.12 05:00:01.395,0.72893,0.72914,1.00,1.81
2017.06.12 05:00:02.838,0.72893,0.72914,1.00,1.81
2017.06.12 05:00:05.230,0.72893,0.72914,1.00,1.87
2017.06.12 05:00:05.830,0.72891,0.72913,1.94,1.00
2017.06.12 05:00:25.500,0.72892,0.72914,1.94,1.31
2017.06.12 05:00:49.709,0.72893,0.72915,1.31,1.69
2017.06.12 05:00:53.264,0.72892,0.72914,1.31,1.00
2017.06.12 05:00:59.404,0.72893,0.72915,1.31,2.06
2017.06.12 05:01:00.479,0.72893,0.72915,1.31,2.06
2017.06.12 05:01:01.419,0.72893,0.72915,1.12,2.44
2017.06.12 05:01:02.134,0.72891,0.72915,1.31,2.44
2017.06.12 05:01:04.235,0.72891,0.72915,1.31,1.56
2017.06.12 05:01:04.977,0.72892,0.72914,1.31,1.19
2017.06.12 05:01:05.498,0.72892,0.72914,1.31,1.31
2017.06.12 05:01:09.188,0.72892,0.72914,1.31,1.31
2017.06.12 05:01:16.231,0.72892,0.72915,1.31,1.69
2017.06.12 05:01:38.927,0.72894,0.72915,1.69,2.25
2017.06.12 05:01:50.627,0.72893,0.72915,1.94,2.25
2017.06.12 05:02:06.117,0.72894,0.72916,2.06,2.06
2017.06.12 05:02:07.256,0.72894,0.72916,1.69,2.00
2017.06.12 05:02:25.465,0.72894,0.72915,2.06,1.25
2017.06.12 05:02:54.520,0.72895,0.72916,1.87,1.87
2017.06.12 05:02:54.722,0.72895,0.72918,2.06,1.37
2017.06.12 05:03:00.739,0.72895,0.72918,1.94,4.69
2017.06.12 05:03:03.025,0.72895,0.72917,2.00,1.25
2017.06.12 05:03:03.850,0.72895,0.72918,1.94,4.69
2017.06.12 05:03:05.462,0.72895,0.72917,2.00,1.25
2017.06.12 05:03:07.717,0.72895,0.72918,1.94,3.19
2017.06.12 05:03:13.525,0.72895,0.72917,1.94,1.56
2017.06.12 05:03:14.554,0.72891,0.72915,1.31,2.81
2017.06.12 05:03:14.655,0.72891,0.72914,1.31,3.56
2017.06.12 05:03:14.756,0.72889,0.72912,2.06,2.81
2017.06.12 05:03:16.516,0.72889,0.72909,2.06,1.00
2017.06.12 05:03:25.411,0.72888,0.7291,1.31,1.37
2017.06.12 05:03:28.490,0.72889,0.72909,1.56,1.00
2017.06.12 05:03:34.846,0.7289,0.72909,1.19,1.00
2017.06.12 05:03:42.740,0.72888,0.7291,1.31,1.87
2017.06.12 05:03:46.747,0.72888,0.72909,1.31,1.00
2017.06.12 05:03:47.306,0.72889,0.72909,1.56,1.00
2017.06.12 05:03:58.427,0.72888,0.72909,1.31,1.00
2017.06.12 05:03:59.323,0.72889,0.72909,1.12,1.00
2017.06.12 05:04:01.795,0.72888,0.72909,1.19,1.12
2017.06.12 05:04:09.643,0.72889,0.72909,1.31,1.12
2017.06.12 05:04:09.744,0.72889,0.72911,1.94,1.87
2017.06.12 05:04:11.419,0.72889,0.7291,2.06,1.00
2017.06.12 05:04:11.470,0.72891,0.72913,1.31,2.25
2017.06.12 05:04:11.651,0.72895,0.72917,1.94,1.12
2017.06.12 05:04:18.587,0.72896,0.72918,1.31,1.31
2017.06.12 05:04:19.788,0.72895,0.72917,2.06,1.00
2017.06.12 05:04:20.302,0.72896,0.72918,1.94,2.06
2017.06.12 05:04:21.056,0.72896,0.72919,1.94,1.87
2017.06.12 05:04:23.526,0.72898,0.72918,1.19,1.37
2017.06.12 05:04:25.036,0.72897,0.72918,1.56,1.37
2017.06.12 05:04:27.707,0.72898,0.72917,1.19,1.00
2017.06.12 05:04:28.307,0.72897,0.72918,1.56,1.37
2017.06.12 05:04:28.673,0.729,0.72918,1.19,1.37
2017.06.12 05:04:30.023,0.72897,0.72918,1.56,1.37
2017.06.12 05:04:30.567,0.72898,0.72918,1.19,1.37
2017.06.12 05:04:33.724,0.72897,0.72919,1.69,1.12
2017.06.12 05:04:40.793,0.72898,0.72918,1.19,1.37
2017.06.12 05:04:45.508,0.72898,0.72918,1.69,1.00
2017.06.12 05:05:06.917,0.72897,0.72919,1.31,1.37
2017.06.12 05:05:07.518,0.72897,0.72918,1.94,1.00
2017.06.12 05:05:12.837,0.72898,0.72918,1.56,1.00
2017.06.12 05:05:17.644,0.72897,0.72919,1.31,1.94
2017.06.12 05:05:27.986,0.72898,0.72918,1.19,1.37
2017.06.12 05:05:28.202,0.72896,0.72919,1.94,1.12
2017.06.12 05:05:28.253,0.72894,0.72915,1.31,1.50
2017.06.12 05:05:28.355,0.72892,0.72913,1.31,1.00
2017.06.12 05:05:28.507,0.72891,0.72913,1.56,1.12
2017.06.12 05:05:29.351,0.72891,0.72911,1.31,1.37
2017.06.12 05:05:34.372,0.72891,0.72911,1.31,1.37
2017.06.12 05:05:35.182,0.72891,0.72912,1.19,1.12
2017.06.12 05:05:40.947,0.7289,0.72911,2.44,1.37
2017.06.12 05:05:41.922,0.72891,0.72911,1.56,1.37
2017.06.12 05:05:43.103,0.72891,0.72911,1.19,1.37
2017.06.12 05:05:45.475,0.72891,0.72911,1.56,1.00
2017.06.12 05:05:46.024,0.7289,0.72912,2.06,1.37
2017.06.12 05:05:47.119,0.72892,0.72911,1.19,1.00
2017.06.12 05:05:53.627,0.72891,0.72912,1.56,1.12
2017.06.12 05:05:55.960,0.72892,0.72912,1.19,1.87
2017.06.12 05:05:56.162,0.72896,0.72918,1.94,2.81
2017.06.12 05:05:56.217,0.729,0.72918,1.00,2.81
2017.06.12 05:05:56.932,0.729,0.72917,1.25,1.00
2017.06.12 05:06:03.469,0.729,0.72918,1.31,1.87
2017.06.12 05:06:03.671,0.729,0.72919,1.69,1.00
2017.06.12 05:06:04.110,0.729,0.7292,1.69,1.37
2017.06.12 05:06:04.654,0.72899,0.7292,2.06,1.37
2017.06.12 05:06:06.709,0.729,0.72921,1.19,1.87
2017.06.12 05:06:07.451,0.72899,0.72919,2.06,1.00
2017.06.12 05:06:08.009,0.729,0.7292,1.31,1.37
2017.06.12 05:06:08.059,0.72901,0.7292,1.56,1.37
2017.06.12 05:06:08.110,0.72901,0.72923,1.81,1.75
2017.06.12 05:06:08.161,0.72903,0.72923,1.56,1.50
2017.06.12 05:06:08.212,0.72903,0.72923,1.31,1.31
2017.06.12 05:06:08.414,0.72902,0.72922,1.19,1.37
2017.06.12 05:06:08.774,0.729,0.72922,2.44,1.37
2017.06.12 05:06:09.423,0.72901,0.72921,1.56,1.00
2017.06.12 05:06:11.762,0.729,0.72921,1.31,1.12
2017.06.12 05:06:12.820,0.729,0.7292,1.31,1.12
2017.06.12 05:06:13.441,0.72899,0.7292,1.31,1.62
2017.06.12 05:06:18.712,0.72899,0.72919,1.56,1.00
2017.06.12 05:06:20.415,0.729,0.7292,1.19,1.87
2017.06.12 05:06:20.466,0.72905,0.72922,1.19,1.50
2017.06.12 05:06:20.517,0.72905,0.72924,1.19,1.75
2017.06.12 05:06:20.618,0.72907,0.72927,1.25,1.62
2017.06.12 05:06:30.034,0.72906,0.72925,1.56,1.00
2017.06.12 05:06:30.569,0.72906,0.72927,1.69,1.37
2017.06.12 05:06:31.621,0.72905,0.72928,2.44,1.12
2017.06.12 05:06:37.463,0.72904,0.72926,2.06,1.62
2017.06.12 05:06:38.273,0.72905,0.72926,1.12,1.37
2017.06.12 05:06:38.784,0.72904,0.72926,2.06,1.62
2017.06.12 05:06:42.539,0.72905,0.72926,1.25,1.56
2017.06.12 05:06:43.705,0.72905,0.72926,1.19,1.62
2017.06.12 05:06:45.361,0.72905,0.72927,1.25,1.31
2017.06.12 05:06:48.918,0.72905,0.72926,1.19,1.62
2017.06.12 05:06:50.700,0.72905,0.72925,1.25,1.62
2017.06.12 05:06:55.293,0.72905,0.72925,1.19,1.37
2017.06.12 05:06:57.485,0.72905,0.72926,1.25,1.31
2017.06.12 05:07:04.169,0.72904,0.72925,1.31,1.31
2017.06.12 05:07:25.470,0.72905,0.72927,1.19,2.06
2017.06.12 05:07:26.811,0.72905,0.72925,1.25,1.62
2017.06.12 05:07:31.881,0.72905,0.72925,1.69,1.37
2017.06.12 05:07:32.718,0.72905,0.72925,1.69,1.62
2017.06.12 05:07:40.214,0.72903,0.72925,1.56,1.94
2017.06.12 05:07:40.906,0.72901,0.72923,1.31,1.62
2017.06.12 05:07:41.229,0.729,0.7292,1.56,1.00
2017.06.12 05:07:41.907,0.72899,0.72921,2.44,1.31
2017.06.12 05:07:43.333,0.72899,0.7292,1.94,1.00
2017.06.12 05:07:44.101,0.72899,0.72921,2.44,2.06
2017.06.12 05:07:44.848,0.729,0.72921,1.56,1.87
2017.06.12 05:07:46.738,0.72899,0.72919,1.69,1.00
2017.06.12 05:07:47.493,0.72899,0.72919,1.69,1.00
2017.06.12 05:07:50.103,0.729,0.7292,1.69,1.12
2017.06.12 05:07:51.878,0.729,0.72921,2.06,1.12
2017.06.12 05:07:53.854,0.729,0.72921,2.06,2.06
2017.06.12 05:07:54.794,0.729,0.7292,1.56,1.00
2017.06.12 05:07:57.358,0.729,0.72921,1.69,1.31
2017.06.12 05:07:59.424,0.729,0.72921,1.69,1.37
2017.06.12 05:08:11.599,0.72901,0.72921,1.19,1.87
2017.06.12 05:08:15.246,0.729,0.72921,1.56,1.87
2017.06.12 05:08:15.881,0.72898,0.7292,2.06,1.56
2017.06.12 05:08:21.013,0.72897,0.72921,2.06,2.06
2017.06.12 05:08:21.803,0.72898,0.7292,1.94,1.56
2017.06.12 05:08:22.633,0.72897,0.72921,2.00,2.44
2017.06.12 05:08:22.955,0.72898,0.72919,1.94,1.62
2017.06.12 05:08:24.873,0.72897,0.72921,1.94,1.94
2017.06.12 05:08:25.463,0.72897,0.7292,1.94,1.56
2017.06.12 05:08:28.777,0.72899,0.7292,1.25,1.69
2017.06.12 05:08:31.189,0.72899,0.7292,1.19,2.06
2017.06.12 05:08:32.522,0.72899,0.7292,1.25,1.37
2017.06.12 05:08:34.130,0.72899,0.7292,1.25,1.69
2017.06.12 05:08:40.526,0.72899,0.7292,1.19,2.06
2017.06.12 05:08:51.936,0.72897,0.72919,1.31,1.00
2017.06.12 05:08:53.422,0.72898,0.7292,1.31,2.06
2017.06.12 05:08:57.341,0.72897,0.72919,1.94,1.00
2017.06.12 05:08:57.442,0.72897,0.7292,1.94,1.12
2017.06.12 05:09:02.917,0.72898,0.72919,1.31,1.12
2017.06.12 05:09:12.218,0.72898,0.72919,1.19,1.37
2017.06.12 05:09:14.526,0.72898,0.72919,1.19,1.87
2017.06.12 05:09:17.809,0.72896,0.72919,2.06,1.37
2017.06.12 05:09:21.819,0.72897,0.72919,1.94,1.00
2017.06.12 05:09:21.921,0.729,0.72919,1.19,1.00
2017.06.12 05:09:23.172,0.72899,0.72919,2.44,1.00
2017.06.12 05:09:23.223,0.72899,0.72921,2.06,1.12
2017.06.12 05:09:29.397,0.729,0.72919,1.31,1.00
2017.06.12 05:09:42.951,0.729,0.72919,1.31,1.00
2017.06.12 05:09:43.776,0.729,0.72919,1.31,1.00
2017.06.12 05:09:59.053,0.729,0.72919,1.31,1.00
2017.06.12 05:10:00.910,0.72899,0.72919,1.69,1.00
2017.06.12 05:10:05.075,0.72898,0.72921,1.94,1.12
2017.06.12 05:10:10.326,0.72899,0.7292,1.31,1.25
2017.06.12 05:10:15.756,0.72899,0.72921,1.31,1.94
2017.06.12 05:10:18.642,0.72898,0.7292,1.31,1.00
2017.06.12 05:10:19.227,0.72899,0.72921,1.94,2.06
2017.06.12 05:10:19.728,0.72899,0.7292,2.44,1.00
2017.06.12 05:10:21.217,0.729,0.7292,1.12,1.00
2017.06.12 05:10:25.386,0.72899,0.72921,2.06,1.37
2017.06.12 05:10:30.509,0.729,0.7292,1.56,1.00
2017.06.12 05:10:36.954,0.72899,0.72922,2.44,1.31
2017.06.12 05:10:40.069,0.72899,0.7292,2.25,1.00
2017.06.12 05:10:43.968,0.72899,0.7292,2.25,1.00
2017.06.12 05:10:48.862,0.729,0.7292,1.56,1.00
2017.06.12 05:10:51.249,0.729,0.7292,1.56,1.00
2017.06.12 05:11:06.734,0.729,0.72921,1.69,1.31
2017.06.12 05:11:09.246,0.729,0.7292,2.06,1.25
2017.06.12 05:11:12.806,0.72899,0.72921,1.31,1.31
2017.06.12 05:11:14.526,0.72898,0.7292,1.31,1.00
2017.06.12 05:11:14.647,0.72898,0.7292,2.06,1.69
2017.06.12 05:11:14.909,0.72898,0.72918,2.06,1.00
2017.06.12 05:11:17.127,0.72898,0.72918,2.44,1.00
2017.06.12 05:11:19.346,0.72899,0.72919,1.19,1.37
2017.06.12 05:11:24.160,0.72898,0.72919,2.44,1.37
2017.06.12 05:11:33.345,0.72899,0.72919,1.25,1.62
2017.06.12 05:11:36.621,0.72898,0.7292,1.69,1.12
2017.06.12 05:11:39.962,0.72899,0.72921,2.06,2.44
2017.06.12 05:11:45.551,0.72899,0.72922,2.44,2.06
2017.06.12 05:11:52.160,0.72899,0.72922,2.44,2.06
2017.06.12 05:11:57.381,0.72899,0.72922,2.44,2.06
2017.06.12 05:12:04.942,0.72899,0.72923,1.69,1.94
2017.06.12 05:12:05.989,0.72899,0.72922,2.44,2.06
2017.06.12 05:12:17.361,0.729,0.72922,1.25,2.06
2017.06.12 05:12:25.512,0.72899,0.7292,2.06,1.25
2017.06.12 05:12:36.593,0.729,0.7292,1.00,1.19
2017.06.12 05:12:39.702,0.729,0.7292,1.25,1.25
2017.06.12 05:12:45.536,0.729,0.72923,1.12,3.56
2017.06.12 05:12:51.314,0.729,0.72922,1.69,2.06
2017.06.12 05:13:00.793,0.729,0.72922,2.06,2.00
2017.06.12 05:13:05.184,0.729,0.72922,1.69,1.94
2017.06.12 05:13:05.816,0.729,0.72922,2.06,2.00
2017.06.12 05:13:10.026,0.729,0.72922,1.19,1.94
2017.06.12 05:13:10.785,0.72899,0.72923,2.06,1.94
2017.06.12 05:13:24.408,0.729,0.72922,1.69,2.00
2017.06.12 05:13:25.435,0.729,0.72923,1.31,2.44
2017.06.12 05:13:27.119,0.729,0.72923,1.31,2.44
2017.06.12 05:13:30.023,0.729,0.72922,1.69,2.00
2017.06.12 05:13:31.373,0.729,0.72923,1.31,2.44
2017.06.12 05:13:31.879,0.729,0.72922,2.06,2.00
2017.06.12 05:13:31.980,0.729,0.72922,1.69,2.06
2017.06.12 05:13:36.664,0.729,0.72922,1.69,2.06
2017.06.12 05:13:41.386,0.729,0.72922,1.69,2.06
2017.06.12 05:13:42.668,0.729,0.72922,1.69,2.06
2017.06.12 05:13:45.493,0.729,0.7292,1.31,1.00
2017.06.12 05:14:25.466,0.729,0.72921,2.06,1.25
2017.06.12 05:14:27.704,0.729,0.72923,1.69,3.19
2017.06.12 05:14:28.404,0.729,0.72922,1.69,1.56
2017.06.12 05:14:29.243,0.729,0.72922,1.69,1.56
2017.06.12 05:14:34.989,0.729,0.72922,1.19,1.56
2017.06.12 05:14:45.491,0.72899,0.72923,2.25,3.19
2017.06.12 05:15:05.410,0.729,0.72922,2.06,2.06
2017.06.12 05:15:13.473,0.729,0.72922,1.69,2.06
2017.06.12 05:15:19.275,0.729,0.72922,1.69,2.00
2017.06.12 05:15:23.768,0.729,0.72922,1.69,1.94
2017.06.12 05:15:25.356,0.729,0.72924,1.31,4.69
2017.06.12 05:15:27.940,0.729,0.72923,2.06,3.19
2017.06.12 05:15:30.286,0.729,0.72921,1.87,1.56
2017.06.12 05:15:33.216,0.729,0.72921,2.06,1.56
2017.06.12 05:15:45.558,0.729,0.7292,1.31,1.25
2017.06.12 05:15:49.588,0.729,0.7292,1.31,1.00
2017.06.12 05:15:59.366,0.72899,0.7292,1.31,1.25
2017.06.12 05:16:01.449,0.72899,0.7292,1.25,1.69
2017.06.12 05:16:03.642,0.72899,0.7292,1.25,1.00
2017.06.12 05:16:05.416,0.72898,0.7292,1.69,1.31
2017.06.12 05:16:08.715,0.72897,0.72921,1.94,2.44
2017.06.12 05:16:29.867,0.72899,0.7292,1.56,1.50
2017.06.12 05:16:45.277,0.729,0.7292,1.31,1.50
2017.06.12 05:17:04.075,0.729,0.72923,2.06,1.87
2017.06.12 05:17:04.327,0.72905,0.72928,2.06,1.69
2017.06.12 05:17:04.378,0.72905,0.72928,2.06,1.69
2017.06.12 05:17:26.100,0.72906,0.72927,1.37,1.56
2017.06.12 05:17:28.941,0.72905,0.72928,1.12,1.31
2017.06.12 05:17:31.789,0.72905,0.72927,1.31,1.56
2017.06.12 05:17:45.772,0.72906,0.72928,1.62,2.06
2017.06.12 05:18:00.117,0.72907,0.72928,1.00,1.31
2017.06.12 05:18:00.629,0.72906,0.72929,1.19,3.19
2017.06.12 05:18:01.579,0.72905,0.72926,2.44,1.25
2017.06.12 05:18:02.351,0.72905,0.72926,1.25,1.00
2017.06.12 05:18:02.969,0.72905,0.72926,1.87,1.31
2017.06.12 05:18:03.318,0.72905,0.72926,1.69,1.00
2017.06.12 05:18:03.898,0.72905,0.72926,2.06,1.25
2017.06.12 05:18:06.013,0.72905,0.72926,1.12,1.25
2017.06.12 05:18:09.438,0.72905,0.72926,2.06,1.25
2017.06.12 05:18:16.173,0.72905,0.72926,2.06,1.19
2017.06.12 05:18:16.380,0.72905,0.72926,1.50,2.06
2017.06.12 05:18:17.017,0.72905,0.72926,1.31,2.06
2017.06.12 05:18:20.469,0.72904,0.72927,1.00,2.81
2017.06.12 05:18:20.851,0.72902,0.72926,1.56,1.94
2017.06.12 05:18:25.482,0.72902,0.72925,1.12,2.00
2017.06.12 05:18:27.775,0.72904,0.72925,1.19,2.00
2017.06.12 05:18:31.019,0.72904,0.72926,1.19,2.44
2017.06.12 05:18:31.716,0.72904,0.72926,1.25,2.44
2017.06.12 05:18:35.553,0.72904,0.72926,1.19,1.94
2017.06.12 05:18:39.219,0.72904,0.72926,1.00,1.31
2017.06.12 05:18:40.291,0.72903,0.72926,1.94,2.06
2017.06.12 05:18:41.310,0.72902,0.72926,1.62,2.06
2017.06.12 05:18:42.126,0.72902,0.72926,1.50,2.81
2017.06.12 05:18:42.817,0.72904,0.72926,1.25,1.31
2017.06.12 05:18:44.592,0.72904,0.72927,1.19,3.94
2017.06.12 05:18:46.267,0.72904,0.72927,1.25,3.94
2017.06.12 05:18:50.741,0.72903,0.72926,2.06,1.31
2017.06.12 05:18:52.252,0.72903,0.72926,1.94,1.31
2017.06.12 05:18:53.103,0.72904,0.72927,1.19,3.94
2017.06.12 05:18:54.639,0.72904,0.72927,1.25,3.94
2017.06.12 05:18:57.070,0.72903,0.72926,1.31,1.31
2017.06.12 05:19:01.637,0.72905,0.72928,1.31,2.44
2017.06.12 05:19:05.891,0.72905,0.72927,1.69,2.44
2017.06.12 05:19:06.829,0.72905,0.72926,1.00,1.56
2017.06.12 05:19:14.536,0.72905,0.72927,1.19,2.44
2017.06.12 05:19:14.687,0.72905,0.72927,1.31,2.06
2017.06.12 05:19:25.961,0.7291,0.72929,1.00,4.69
2017.06.12 05:19:34.243,0.72905,0.7293,1.50,2.44
2017.06.12 05:19:42.731,0.72907,0.72929,1.31,2.44
2017.06.12 05:19:42.893,0.72907,0.72928,1.31,1.00
2017.06.12 05:19:45.116,0.72907,0.72928,1.69,1.25
2017.06.12 05:19:46.956,0.72907,0.72928,1.31,1.00
2017.06.12 05:19:48.086,0.72907,0.72928,1.62,1.19
2017.06.12 05:19:49.751,0.72907,0.72928,1.31,1.19
2017.06.12 05:19:51.371,0.72907,0.72928,1.31,1.25
2017.06.12 05:19:54.913,0.7291,0.72928,1.00,1.00
2017.06.12 05:19:56.119,0.72907,0.72928,1.81,1.00
2017.06.12 05:19:57.685,0.72907,0.72928,1.31,1.00
2017.06.12 05:19:57.736,0.72907,0.72928,2.06,1.00
2017.06.12 05:20:01.759,0.72909,0.72928,2.06,1.00
2017.06.12 05:20:02.318,0.7291,0.72931,1.25,1.31
2017.06.12 05:20:02.620,0.72915,0.72935,1.00,1.31
2017.06.12 05:20:02.671,0.72915,0.72935,1.00,1.56
2017.06.12 05:20:03.442,0.72915,0.72935,1.00,2.06
2017.06.12 05:20:04.595,0.72911,0.72935,1.31,2.06
2017.06.12 05:20:05.478,0.72911,0.72935,1.31,2.06
2017.06.12 05:20:05.630,0.7291,0.72931,2.06,1.00
2017.06.12 05:20:07.921,0.72911,0.72931,1.56,1.00
2017.06.12 05:20:12.949,0.7291,0.72931,2.06,1.25
2017.06.12 05:20:13.100,0.7291,0.72931,1.50,1.31
2017.06.12 05:20:13.740,0.72908,0.7293,1.62,2.06
2017.06.12 05:20:27.443,0.72908,0.7293,1.37,2.06
2017.06.12 05:20:29.286,0.72908,0.72929,1.62,1.56
2017.06.12 05:20:45.470,0.72908,0.7293,1.25,2.81
2017.06.12 05:20:49.775,0.72907,0.72929,1.25,1.31
2017.06.12 05:20:53.884,0.72906,0.7293,1.69,2.81
2017.06.12 05:20:54.036,0.72907,0.72928,1.31,1.25
2017.06.12 05:21:00.963,0.72907,0.72928,1.25,1.00
2017.06.12 05:21:01.683,0.72907,0.72928,1.31,1.19
2017.06.12 05:21:02.753,0.72907,0.72928,1.00,1.25
2017.06.12 05:21:07.626,0.72907,0.72928,1.31,1.00
2017.06.12 05:21:08.223,0.72907,0.72928,1.19,1.00
2017.06.12 05:21:09.408,0.72907,0.72928,1.69,1.00
2017.06.12 05:21:23.858,0.72907,0.72928,1.31,1.25
2017.06.12 05:21:24.374,0.72906,0.72931,1.31,2.06
2017.06.12 05:21:32.593,0.72908,0.72929,1.37,2.06
2017.06.12 05:21:35.305,0.72906,0.72928,1.31,2.44
2017.06.12 05:21:35.406,0.72905,0.72928,1.69,2.44
2017.06.12 05:21:40.055,0.72906,0.72928,1.19,2.81
2017.06.12 05:21:44.472,0.72906,0.72928,1.56,1.75
2017.06.12 05:21:59.303,0.72904,0.72928,2.44,2.00
2017.06.12 05:22:00.678,0.72905,0.72927,1.69,1.75
2017.06.12 05:22:01.392,0.72906,0.72927,1.19,2.00
2017.06.12 05:22:03.524,0.72905,0.72928,1.56,2.00
2017.06.12 05:22:04.270,0.72906,0.72927,1.31,1.75
2017.06.12 05:22:04.855,0.72906,0.72927,1.19,2.00
2017.06.12 05:22:05.360,0.72905,0.72928,2.06,2.00
2017.06.12 05:22:07.271,0.72905,0.72927,2.06,1.69
2017.06.12 05:22:15.904,0.72905,0.72929,4.69,2.44
2017.06.12 05:22:16.445,0.72905,0.7293,1.94,3.19
2017.06.12 05:22:21.903,0.72906,0.72929,1.69,2.06
2017.06.12 05:22:26.518,0.72906,0.72929,1.69,2.81
2017.06.12 05:22:27.218,0.72906,0.72929,1.56,3.19
2017.06.12 05:22:30.218,0.72905,0.7293,2.44,3.56
2017.06.12 05:22:30.769,0.72906,0.72929,1.69,2.81
2017.06.12 05:22:38.492,0.72906,0.72929,1.69,2.81
2017.06.12 05:22:46.266,0.72905,0.72926,1.94,1.00
2017.06.12 05:22:50.012,0.72905,0.72926,1.94,1.00
2017.06.12 05:22:51.948,0.72906,0.72926,1.19,1.00
2017.06.12 05:23:04.947,0.72905,0.72926,1.94,1.00
2017.06.12 05:23:05.508,0.72906,0.72928,1.56,2.25
2017.06.12 05:23:07.420,0.72906,0.72928,1.56,2.44
2017.06.12 05:23:09.532,0.72906,0.72928,1.19,2.44
2017.06.12 05:23:25.530,0.72905,0.72926,2.25,1.00
2017.06.12 05:23:26.076,0.72905,0.72926,2.06,1.25
2017.06.12 05:23:28.726,0.72905,0.72928,1.56,2.81
2017.06.12 05:23:40.852,0.72905,0.72929,1.31,3.19
2017.06.12 05:23:42.217,0.72905,0.72928,1.56,2.81
2017.06.12 05:23:43.622,0.72905,0.72929,1.31,3.19
2017.06.12 05:23:45.461,0.72905,0.72924,1.56,1.00
2017.06.12 05:24:02.399,0.72905,0.72924,1.31,1.00
2017.06.12 05:24:05.485,0.72905,0.72927,1.31,2.00
2017.06.12 05:24:25.362,0.72905,0.72927,1.62,2.44
2017.06.12 05:24:26.966,0.72905,0.72927,1.69,2.44
2017.06.12 05:24:31.806,0.72905,0.72927,1.87,2.06
2017.06.12 05:24:32.334,0.72905,0.72928,1.69,2.00
2017.06.12 05:24:33.672,0.72905,0.72927,2.25,1.75
2017.06.12 05:24:34.422,0.72905,0.72927,2.81,2.00
2017.06.12 05:24:41.315,0.72905,0.72928,1.50,1.94
2017.06.12 05:24:48.431,0.72905,0.72927,1.69,2.44
2017.06.12 05:24:49.627,0.72905,0.72928,1.31,2.06
2017.06.12 05:24:56.523,0.72905,0.72927,1.69,2.06
2017.06.12 05:25:01.665,0.72905,0.72928,1.12,2.06
2017.06.12 05:25:08.923,0.72905,0.72927,1.69,2.44
2017.06.12 05:25:18.914,0.72905,0.72928,1.31,2.06
2017.06.12 05:25:38.704,0.72904,0.72927,2.06,2.44
2017.06.12 05:25:44.590,0.72906,0.72927,1.25,1.31
2017.06.12 05:25:47.660,0.72905,0.72928,2.44,2.44
2017.06.12 05:25:51.084,0.72906,0.72928,1.25,2.44
2017.06.12 05:26:05.412,0.72905,0.72928,1.25,1.94
2017.06.12 05:26:31.625,0.72905,0.72927,1.56,1.94
2017.06.12 05:26:47.001,0.72905,0.72928,1.50,2.81
2017.06.12 05:26:52.798,0.72905,0.72927,1.19,3.19
2017.06.12 05:26:56.575,0.72905,0.72928,1.31,2.06
2017.06.12 05:26:59.422,0.72905,0.72923,1.31,0.10
2017.06.12 05:27:03.262,0.72905,0.72923,1.69,0.10
2017.06.12 05:27:21.418,0.72904,0.72923,1.25,0.60
2017.06.12 05:27:25.358,0.72903,0.72923,3.19,0.60
2017.06.12 05:27:27.610,0.72905,0.72908,1.25,0.10
2017.06.12 05:27:28.271,0.72905,0.72908,1.19,0.10
2017.06.12 05:27:34.120,0.72905,0.72908,1.25,0.10
2017.06.12 05:27:42.300,0.72905,0.72908,1.19,0.10
2017.06.12 05:27:48.096,0.72904,0.72908,1.25,0.10
2017.06.12 05:27:48.852,0.72903,0.72908,2.81,0.10
2017.06.12 05:27:50.256,0.72903,0.72908,1.94,0.10
2017.06.12 05:28:37.983,0.72905,0.72908,1.19,0.10
2017.06.12 05:28:45.594,0.72905,0.72908,1.56,0.10
2017.06.12 05:28:51.978,0.72905,0.72908,1.25,0.10
2017.06.12 05:28:58.669,0.72905,0.72908,1.19,0.10
2017.06.12 05:28:59.189,0.72905,0.72908,1.25,0.10
2017.06.12 05:29:07.670,0.72905,0.72908,1.19,0.10
2017.06.12 05:29:18.824,0.72904,0.72908,1.62,0.10
2017.06.12 05:29:27.134,0.72904,0.72908,1.12,0.10
2017.06.12 05:29:33.109,0.72903,0.72908,2.44,0.10
2017.06.12 05:29:35.210,0.72904,0.72908,1.69,0.10
2017.06.12 05:29:36.536,0.72904,0.72908,1.69,0.10
2017.06.12 05:29:40.521,0.72904,0.72908,1.12,0.10
2017.06.12 05:29:40.851,0.72903,0.72908,1.19,0.10
2017.06.12 05:29:41.406,0.72903,0.72908,1.00,0.10
2017.06.12 05:29:47.293,0.72902,0.72908,1.56,0.10
2017.06.12 05:29:51.132,0.72903,0.72908,1.25,0.10
2017.06.12 05:29:55.882,0.72901,0.72923,1.31,0.97
2017.06.12 05:30:00.224,0.72903,0.72923,1.62,1.22
2017.06.12 05:30:00.804,0.72904,0.72923,1.00,1.35
2017.06.12 05:30:03.314,0.72904,0.72923,1.25,1.47
2017.06.12 05:30:04.470,0.72904,0.72923,1.00,2.66
2017.06.12 05:30:04.978,0.72901,0.72921,1.12,1.56
2017.06.12 05:30:05.941,0.72902,0.72923,1.31,1.72
2017.06.12 05:30:05.992,0.72904,0.72923,1.00,1.79
2017.06.12 05:30:06.535,0.72904,0.72923,1.00,1.85
2017.06.12 05:30:06.731,0.72904,0.72923,1.00,1.91
2017.06.12 05:30:07.318,0.72904,0.72923,1.00,1.66
2017.06.12 05:30:07.830,0.72902,0.72923,1.31,1.54
2017.06.12 05:30:08.378,0.72902,0.72922,1.31,1.12
2017.06.12 05:30:10.564,0.72901,0.7292,1.31,1.00
2017.06.12 05:30:11.110,0.72901,0.7292,1.00,1.00
2017.06.12 05:30:14.362,0.72901,0.7292,1.31,1.00
2017.06.12 05:30:14.614,0.72901,0.72922,1.94,1.12
2017.06.12 05:30:23.706,0.72902,0.72922,1.00,1.94
2017.06.12 05:30:29.779,0.72901,0.72921,1.56,1.12
2017.06.12 05:30:30.351,0.729,0.72922,2.44,1.12
2017.06.12 05:30:33.150,0.72901,0.72921,1.56,1.12
2017.06.12 05:30:33.657,0.729,0.72923,1.94,1.35
2017.06.12 05:30:34.195,0.72902,0.72922,1.19,1.12
2017.06.12 05:30:35.434,0.72902,0.72922,1.25,1.31
2017.06.12 05:30:41.346,0.72901,0.72922,1.69,1.12
2017.06.12 05:30:41.970,0.72901,0.72923,1.56,1.35
2017.06.12 05:30:45.387,0.72902,0.72922,1.19,1.12
2017.06.12 05:30:45.930,0.72901,0.7292,1.75,1.00
2017.06.12 05:30:50.040,0.72901,0.7292,2.44,1.00
2017.06.12 05:30:53.196,0.72901,0.7292,1.31,1.00
2017.06.12 05:30:53.950,0.72901,0.7292,1.81,1.00
2017.06.12 05:30:54.795,0.72901,0.7292,1.56,1.00
2017.06.12 05:30:55.320,0.72901,0.7292,1.81,1.00
2017.06.12 05:30:55.442,0.72905,0.7292,1.00,1.00
2017.06.12 05:31:00.418,0.72904,0.7292,2.44,1.00
2017.06.12 05:31:00.670,0.72906,0.72923,1.25,0.60
2017.06.12 05:31:19.189,0.72905,0.72926,1.50,1.94
2017.06.12 05:31:19.867,0.72905,0.72926,1.50,1.94
2017.06.12 05:31:45.524,0.72905,0.72925,1.87,1.31
2017.06.12 05:32:19.496,0.72905,0.72924,1.00,2.06
2017.06.12 05:32:19.799,0.72907,0.72929,1.75,1.94
2017.06.12 05:32:19.849,0.72909,0.72928,1.37,1.31
2017.06.12 05:32:20.133,0.72907,0.72926,1.12,1.19
2017.06.12 05:32:20.184,0.72906,0.72928,1.12,1.94
2017.06.12 05:32:20.480,0.72904,0.72925,3.37,1.31
2017.06.12 05:32:20.733,0.72906,0.72924,1.00,1.12
2017.06.12 05:32:21.311,0.72906,0.72924,1.81,1.00
2017.06.12 05:32:21.870,0.72908,0.72928,1.37,1.94
2017.06.12 05:32:23.150,0.72909,0.7293,2.44,2.06
2017.06.12 05:32:23.346,0.7291,0.7293,1.37,1.94
2017.06.12 05:32:23.447,0.7291,0.7293,1.31,1.25
2017.06.12 05:32:23.755,0.72909,0.72929,1.87,1.19
2017.06.12 05:32:23.984,0.72908,0.72931,2.06,1.69
2017.06.12 05:32:24.262,0.7291,0.7293,1.12,1.69
2017.06.12 05:32:24.812,0.7291,0.7293,1.12,1.69
2017.06.12 05:32:25.836,0.7291,0.7293,1.12,1.31
2017.06.12 05:32:27.803,0.72911,0.7293,1.00,1.69
2017.06.12 05:32:40.783,0.7291,0.72932,2.06,1.12
2017.06.12 05:32:40.924,0.7291,0.7293,3.56,1.00
2017.06.12 05:33:05.555,0.72912,0.72931,1.62,1.00
2017.06.12 05:33:25.476,0.72913,0.72933,1.00,1.31
2017.06.12 05:34:25.453,0.72912,0.72932,1.19,1.37
2017.06.12 05:34:30.762,0.72915,0.72932,1.00,1.37
2017.06.12 05:34:33.274,0.72912,0.72932,1.19,1.37
2017.06.12 05:34:37.769,0.72911,0.72932,2.06,1.00
2017.06.12 05:34:56.997,0.72915,0.72933,1.25,1.00
2017.06.12 05:35:08.527,0.72916,0.72934,1.00,1.25
2017.06.12 05:35:12.966,0.72916,0.72934,1.00,1.19
2017.06.12 05:35:13.484,0.72916,0.72934,1.31,1.00
2017.06.12 05:35:13.798,0.72919,0.72937,1.00,1.81
2017.06.12 05:35:14.405,0.72919,0.72937,1.00,1.56
2017.06.12 05:35:14.925,0.72919,0.72937,1.00,1.00
2017.06.12 05:35:15.920,0.7292,0.72938,1.37,1.62
2017.06.12 05:35:16.851,0.7292,0.72938,1.37,1.25
2017.06.12 05:35:18.802,0.7292,0.72938,1.37,1.19
2017.06.12 05:35:19.158,0.72922,0.72942,1.37,1.94
2017.06.12 05:35:19.458,0.72921,0.72941,2.81,1.25
2017.06.12 05:35:20.027,0.72921,0.72941,2.62,1.19
2017.06.12 05:35:29.262,0.72918,0.7294,3.75,1.31
2017.06.12 05:35:29.363,0.72918,0.72941,1.12,1.94
2017.06.12 05:35:30.195,0.7292,0.72938,1.50,1.31
2017.06.12 05:35:30.346,0.72917,0.72937,1.31,1.62
2017.06.12 05:35:42.732,0.72916,0.72937,1.87,1.69
2017.06.12 05:35:43.430,0.72916,0.72937,2.06,1.69
2017.06.12 05:35:44.441,0.72915,0.72936,1.87,1.31
2017.06.12 05:35:44.911,0.72915,0.72934,1.00,1.31
2017.06.12 05:36:00.914,0.72915,0.72937,1.12,1.31
2017.06.12 05:36:25.559,0.72917,0.72936,1.00,1.31
2017.06.12 05:36:28.613,0.7292,0.72936,1.00,1.31
2017.06.12 05:36:28.715,0.72917,0.72936,1.31,1.00
2017.06.12 05:36:28.988,0.7292,0.72936,1.00,1.00
2017.06.12 05:36:29.342,0.72917,0.72936,1.12,1.19
2017.06.12 05:36:30.628,0.72917,0.72936,1.00,1.31
2017.06.12 05:36:33.779,0.72917,0.72936,1.00,1.19
2017.06.12 05:36:35.248,0.72917,0.72936,1.12,1.19
2017.06.12 05:36:40.529,0.72917,0.72936,1.12,1.19
2017.06.12 05:36:41.994,0.72917,0.72936,1.37,1.25
2017.06.12 05:36:42.044,0.72918,0.72938,1.12,1.56
2017.06.12 05:37:05.512,0.72917,0.72939,1.31,2.44
2017.06.12 05:37:06.189,0.72917,0.72938,1.31,1.25
2017.06.12 05:37:12.651,0.72918,0.7294,1.37,3.19
2017.06.12 05:37:15.558,0.72917,0.7294,1.31,3.19
2017.06.12 05:37:16.265,0.72918,0.7294,1.12,2.81
2017.06.12 05:37:18.724,0.72917,0.7294,1.31,2.06
2017.06.12 05:37:19.615,0.72918,0.7294,1.12,3.19
2017.06.12 05:37:19.833,0.72917,0.72938,1.12,1.31
2017.06.12 05:37:28.291,0.72917,0.72937,1.12,1.56
2017.06.12 05:37:30.364,0.72916,0.72936,1.12,1.19
2017.06.12 05:37:34.291,0.72916,0.72937,1.12,1.56
2017.06.12 05:37:38.902,0.72916,0.72937,1.12,1.56
2017.06.12 05:37:43.857,0.72917,0.72939,1.31,2.06
2017.06.12 05:37:44.364,0.7292,0.72941,1.00,2.06
2017.06.12 05:38:05.502,0.72917,0.7294,1.12,2.81
2017.06.12 05:38:11.459,0.72918,0.7294,2.44,1.31
2017.06.12 05:38:11.510,0.72921,0.7294,1.00,1.31
2017.06.12 05:38:12.741,0.72921,0.7294,1.00,1.19
2017.06.12 05:38:13.786,0.72921,0.7294,1.00,1.25
2017.06.12 05:38:20.017,0.72921,0.72941,1.31,1.00
2017.06.12 05:38:20.219,0.72925,0.72946,1.12,1.31
2017.06.12 05:38:20.910,0.72925,0.72946,1.12,2.06
2017.06.12 05:38:23.493,0.72925,0.72945,1.12,1.31
2017.06.12 05:38:23.544,0.72919,0.72941,3.37,1.31
2017.06.12 05:38:23.594,0.72919,0.7294,1.87,1.31
2017.06.12 05:38:40.939,0.72918,0.72939,1.12,2.06
2017.06.12 05:38:41.807,0.72916,0.7294,1.31,2.44
2017.06.12 05:39:04.168,0.72916,0.72937,1.12,1.56
2017.06.12 05:39:06.316,0.72916,0.72937,1.12,1.31
2017.06.12 05:39:18.956,0.72917,0.72939,1.31,2.44
2017.06.12 05:39:21.122,0.72917,0.72939,1.31,2.44
2017.06.12 05:39:37.930,0.72916,0.72938,1.12,1.94
2017.06.12 05:39:38.132,0.72915,0.72937,1.75,1.56
2017.06.12 05:39:38.233,0.72912,0.72935,1.87,1.31
2017.06.12 05:39:38.485,0.72915,0.72935,1.12,1.31
2017.06.12 05:39:50.599,0.72915,0.72937,1.69,1.31
2017.06.12 05:39:50.743,0.72915,0.72937,2.06,1.94
2017.06.12 05:40:04.021,0.7292,0.72938,1.00,1.94
2017.06.12 05:40:04.123,0.7292,0.72939,1.00,2.44
2017.06.12 05:40:11.682,0.72916,0.72939,1.12,1.31
2017.06.12 05:40:14.579,0.72916,0.72938,1.12,1.94
2017.06.12 05:40:15.110,0.72916,0.72938,1.31,1.69
2017.06.12 05:40:45.528,0.7292,0.7294,1.12,1.94
2017.06.12 05:41:02.411,0.7292,0.72944,2.06,2.81
2017.06.12 05:41:02.523,0.7292,0.72945,2.06,2.44
2017.06.12 05:41:05.655,0.72925,0.72943,1.00,1.94
2017.06.12 05:41:06.224,0.72921,0.72943,1.31,1.94
2017.06.12 05:41:21.269,0.72923,0.72945,1.87,2.44
2017.06.12 05:41:24.573,0.72923,0.72944,1.87,1.19
2017.06.12 05:41:25.348,0.72923,0.72945,1.12,2.06
2017.06.12 05:41:26.635,0.72923,0.72944,1.87,1.19
2017.06.12 05:41:27.388,0.72923,0.72945,1.12,1.69
2017.06.12 05:41:45.507,0.72925,0.72946,1.75,1.69
2017.06.12 05:42:06.836,0.72925,0.72945,1.75,1.69
2017.06.12 05:42:07.088,0.72925,0.72945,1.50,2.06
2017.06.12 05:42:07.359,0.72927,0.72946,1.00,1.19
2017.06.12 05:42:07.409,0.72926,0.72948,1.12,1.31
2017.06.12 05:42:07.460,0.72927,0.72949,1.12,2.06
2017.06.12 05:42:09.967,0.72928,0.72949,1.12,1.31
2017.06.12 05:42:10.165,0.72926,0.72946,1.75,1.56
2017.06.12 05:42:10.685,0.72925,0.72945,1.75,1.19
2017.06.12 05:42:23.315,0.72923,0.72946,1.12,1.56
2017.06.12 05:42:25.376,0.72924,0.72945,1.87,1.19
2017.06.12 05:42:28.235,0.72925,0.72946,1.75,1.56
2017.06.12 05:42:28.746,0.72925,0.72946,1.75,2.06
2017.06.12 05:42:29.700,0.72922,0.72944,1.12,1.56
2017.06.12 05:42:31.062,0.72921,0.72942,2.25,3.56
2017.06.12 05:42:31.323,0.7292,0.7294,1.31,2.00
2017.06.12 05:42:34.991,0.72919,0.72942,1.69,1.94
2017.06.12 05:42:38.095,0.72919,0.72941,2.06,2.06
2017.06.12 05:42:47.625,0.72919,0.72942,3.56,2.06
2017.06.12 05:42:51.072,0.72923,0.72942,1.00,1.31
2017.06.12 05:42:51.173,0.72925,0.72942,1.00,1.19
2017.06.12 05:42:51.847,0.72925,0.72944,1.50,1.31
2017.06.12 05:42:53.928,0.72925,0.72945,1.50,1.94
2017.06.12 05:42:55.903,0.72925,0.72945,1.75,1.31
2017.06.12 05:42:59.291,0.72923,0.72945,1.12,2.44
2017.06.12 05:43:00.259,0.72923,0.72943,1.12,1.19
2017.06.12 05:43:00.462,0.7292,0.72943,1.75,1.94
2017.06.12 05:43:21.936,0.7292,0.72943,2.00,2.06
2017.06.12 05:43:24.668,0.7292,0.72942,3.19,1.31
2017.06.12 05:43:26.204,0.72921,0.72942,1.31,1.12
2017.06.12 05:43:26.456,0.72925,0.72949,2.81,3.19
2017.06.12 05:43:26.507,0.72926,0.72948,3.19,1.62
2017.06.12 05:43:26.557,0.72926,0.72948,3.19,1.62
2017.06.12 05:43:31.248,0.72926,0.72949,2.81,1.94
2017.06.12 05:43:47.872,0.72927,0.72949,1.12,2.06
2017.06.12 05:43:48.417,0.7293,0.7295,1.12,1.94
2017.06.12 05:44:05.489,0.7293,0.7295,1.50,1.31
2017.06.12 05:44:11.076,0.7293,0.7295,1.50,1.31
2017.06.12 05:44:11.667,0.72929,0.72952,1.75,2.81
2017.06.12 05:44:12.044,0.72932,0.72951,1.00,1.25
2017.06.12 05:44:12.095,0.72935,0.72953,1.00,1.56
2017.06.12 05:44:12.969,0.72935,0.72955,1.12,2.06
2017.06.12 05:44:21.899,0.72935,0.72958,1.87,4.69
2017.06.12 05:44:22.050,0.72937,0.72959,1.25,2.06
2017.06.12 05:44:22.100,0.72936,0.72957,2.25,1.31
2017.06.12 05:44:22.202,0.72935,0.72957,2.25,1.31
2017.06.12 05:44:22.303,0.72935,0.72957,1.87,3.19
2017.06.12 05:44:22.454,0.72935,0.72955,1.12,1.19
2017.06.12 05:44:22.820,0.72935,0.72955,1.37,1.31
2017.06.12 05:44:30.126,0.72935,0.72954,1.50,1.56
2017.06.12 05:44:31.489,0.72935,0.72954,1.50,1.56
2017.06.12 05:44:33.519,0.72935,0.72955,1.50,1.31
2017.06.12 05:44:34.865,0.72935,0.72954,1.50,1.56
2017.06.12 05:44:38.235,0.72935,0.72954,1.69,1.00
2017.06.12 05:44:40.855,0.72935,0.72954,2.81,1.00
2017.06.12 05:44:41.158,0.72937,0.72957,1.12,1.19
2017.06.12 05:44:41.259,0.7294,0.72961,1.00,2.44
2017.06.12 05:44:41.461,0.72941,0.72959,1.00,1.56
2017.06.12 05:44:41.663,0.72938,0.72957,1.12,1.31
2017.06.12 05:44:42.120,0.72938,0.72957,1.00,1.00
2017.06.12 05:44:42.171,0.7294,0.72957,1.00,1.00
2017.06.12 05:44:42.671,0.72937,0.72958,1.12,1.69
2017.06.12 05:44:43.329,0.72937,0.72958,1.12,1.69
2017.06.12 05:44:44.030,0.7294,0.72959,1.50,1.56
2017.06.12 05:44:45.314,0.7294,0.72958,1.50,1.19
2017.06.12 05:44:47.169,0.7294,0.72958,1.50,1.19
2017.06.12 05:44:47.979,0.7294,0.72959,1.12,1.31
2017.06.12 05:44:49.480,0.7294,0.7296,1.50,1.56
2017.06.12 05:44:56.548,0.7294,0.72962,3.37,1.31
2017.06.12 05:44:57.321,0.72942,0.72963,1.12,2.81
2017.06.12 05:44:58.521,0.72942,0.72962,1.12,1.19
2017.06.12 05:45:00.296,0.72942,0.72962,1.12,1.19
2017.06.12 05:45:00.397,0.72942,0.7296,1.00,4.69
2017.06.12 05:45:06.921,0.72942,0.7296,1.00,1.69
2017.06.12 05:45:07.463,0.72942,0.7296,1.00,1.25
2017.06.12 05:45:10.423,0.72942,0.7296,1.19,1.00
2017.06.12 05:45:10.953,0.72941,0.72963,2.06,1.69
2017.06.12 05:45:18.661,0.72941,0.72963,1.75,1.50
2017.06.12 05:45:19.175,0.72941,0.72961,1.75,1.31
2017.06.12 05:45:21.065,0.72941,0.72962,1.75,1.56
2017.06.12 05:45:23.777,0.72941,0.72962,1.75,1.56
2017.06.12 05:45:25.127,0.72941,0.72961,1.75,1.56
2017.06.12 05:45:25.652,0.7294,0.72959,1.75,1.19
2017.06.12 05:45:25.815,0.7294,0.72959,1.50,1.31
2017.06.12 05:45:26.821,0.7294,0.72959,1.50,1.25
2017.06.12 05:45:28.578,0.7294,0.72962,2.06,3.19
2017.06.12 05:45:29.514,0.7294,0.72962,2.06,2.44
2017.06.12 05:45:45.550,0.7294,0.72962,1.31,1.94
2017.06.12 05:46:05.461,0.72939,0.72963,2.06,1.31
2017.06.12 05:46:23.721,0.7294,0.72959,1.00,1.00
2017.06.12 05:46:32.665,0.72939,0.72962,2.00,1.31
2017.06.12 05:46:33.829,0.72939,0.72961,2.06,1.31
2017.06.12 05:46:37.020,0.72939,0.72961,1.87,1.94
2017.06.12 05:46:37.222,0.72938,0.7296,1.31,1.31
2017.06.12 05:46:45.885,0.7294,0.72961,2.00,1.31
2017.06.12 05:46:46.725,0.7294,0.72963,1.75,3.94
2017.06.12 05:46:58.218,0.72944,0.72965,1.00,3.19
2017.06.12 05:46:58.330,0.72944,0.72965,1.50,1.31
2017.06.12 05:46:58.432,0.72944,0.72965,2.44,1.56
2017.06.12 05:46:58.734,0.72944,0.72965,1.69,1.12
2017.06.12 05:46:59.419,0.72944,0.72967,1.69,1.31
2017.06.12 05:47:10.438,0.72945,0.72967,2.06,3.56
2017.06.12 05:47:10.488,0.72945,0.72967,2.06,2.81
2017.06.12 05:47:10.633,0.72946,0.72967,1.31,1.69
2017.06.12 05:47:10.936,0.72943,0.72963,3.19,2.25
2017.06.12 05:47:11.088,0.72944,0.72965,1.56,2.00
2017.06.12 05:47:27.788,0.72945,0.72962,1.00,1.00
2017.06.12 05:47:29.440,0.72941,0.72963,1.31,2.44
2017.06.12 05:47:29.642,0.7294,0.72964,1.31,2.44
2017.06.12 05:47:35.402,0.72941,0.72963,1.62,2.44
2017.06.12 05:47:36.086,0.72941,0.72963,1.31,2.44
2017.06.12 05:47:36.417,0.7294,0.72961,1.87,1.69
2017.06.12 05:47:36.736,0.72939,0.7296,2.00,2.06
2017.06.12 05:47:36.837,0.7294,0.72959,1.00,1.25
2017.06.12 05:47:38.562,0.7294,0.72959,1.00,1.19
2017.06.12 05:47:39.595,0.7294,0.72959,1.00,1.81
2017.06.12 05:47:39.820,0.7294,0.72956,1.00,1.19
2017.06.12 05:47:39.971,0.72935,0.72954,1.12,1.19
2017.06.12 05:47:40.654,0.72935,0.72954,1.12,1.19
2017.06.12 05:47:40.705,0.7293,0.72952,1.87,1.56
2017.06.12 05:47:40.857,0.72929,0.72951,1.75,2.06
2017.06.12 05:47:40.958,0.72931,0.72949,1.00,1.25
2017.06.12 05:47:41.923,0.72931,0.72949,1.00,1.19
2017.06.12 05:47:43.538,0.72931,0.72949,1.00,1.00
2017.06.12 05:47:43.639,0.72935,0.72949,1.00,1.00
2017.06.12 05:47:43.891,0.72936,0.72957,1.12,1.31
2017.06.12 05:47:43.942,0.72936,0.72957,1.12,1.56
2017.06.12 05:47:45.385,0.72936,0.72958,1.31,2.44
2017.06.12 05:47:45.774,0.72938,0.72959,1.12,2.81
2017.06.12 05:47:46.923,0.72938,0.72959,1.12,2.81
2017.06.12 05:47:46.974,0.72936,0.72959,2.06,1.69
2017.06.12 05:47:49.666,0.72938,0.72959,1.12,2.81
2017.06.12 05:47:50.250,0.72936,0.7296,2.06,2.44
2017.06.12 05:47:50.681,0.72939,0.72958,1.00,1.25
2017.06.12 05:47:51.212,0.72939,0.72958,1.00,1.31
2017.06.12 05:47:52.064,0.72939,0.72958,1.00,1.81
2017.06.12 05:47:52.382,0.72939,0.72958,1.00,1.25
2017.06.12 05:47:53.026,0.72939,0.72958,1.00,1.31
2017.06.12 05:47:55.901,0.72939,0.72958,1.00,1.69
2017.06.12 05:47:58.102,0.72939,0.72958,1.00,1.69
2017.06.12 05:47:59.221,0.72939,0.72958,1.00,1.19
2017.06.12 05:47:59.585,0.72935,0.72957,2.06,1.31
2017.06.12 05:48:00.969,0.72935,0.72956,1.12,1.56
2017.06.12 05:48:02.063,0.72933,0.72957,2.06,1.94
2017.06.12 05:48:03.447,0.72935,0.72957,1.12,3.94
2017.06.12 05:48:04.412,0.72935,0.72958,2.00,1.31
2017.06.12 05:48:05.291,0.72938,0.72959,1.12,2.81
2017.06.12 05:48:07.827,0.72942,0.72963,2.06,4.87
2017.06.12 05:48:07.997,0.72942,0.72966,1.12,2.06
2017.06.12 05:48:08.784,0.72945,0.72964,1.75,2.06
2017.06.12 05:48:08.935,0.72942,0.72964,1.75,2.06
2017.06.12 05:48:14.873,0.72941,0.72962,1.12,2.81
2017.06.12 05:48:14.924,0.7294,0.72962,1.62,3.56
2017.06.12 05:48:29.807,0.72938,0.7296,1.87,1.94
2017.06.12 05:48:29.858,0.72938,0.72959,1.87,1.31
2017.06.12 05:48:31.658,0.72937,0.72958,1.75,1.56
2017.06.12 05:48:33.834,0.72937,0.72959,2.00,1.94
2017.06.12 05:48:34.135,0.72937,0.72959,1.31,1.94
2017.06.12 05:48:34.894,0.72939,0.7296,1.00,4.12
2017.06.12 05:48:34.995,0.72935,0.72957,1.50,1.75
2017.06.12 05:48:39.319,0.7294,0.72957,1.00,2.06
2017.06.12 05:48:39.419,0.72935,0.72957,2.06,2.06
2017.06.12 05:48:39.818,0.7294,0.72958,1.00,1.31
2017.06.12 05:48:43.277,0.72936,0.72958,1.56,1.31
2017.06.12 05:48:44.623,0.72935,0.72958,1.31,1.94
2017.06.12 05:48:45.497,0.72936,0.72958,1.31,1.94
2017.06.12 05:48:49.128,0.7294,0.72958,1.00,1.94
2017.06.12 05:48:49.178,0.72936,0.72957,1.12,1.31
2017.06.12 05:48:49.396,0.7294,0.72958,1.00,1.94
2017.06.12 05:48:54.219,0.72941,0.7296,1.37,1.56
2017.06.12 05:48:54.559,0.72945,0.72965,1.00,1.31
2017.06.12 05:48:54.609,0.72945,0.72965,1.12,1.31
2017.06.12 05:48:54.902,0.72943,0.72962,1.75,1.12
2017.06.12 05:48:55.104,0.7294,0.72959,1.00,1.69
2017.06.12 05:48:55.995,0.72939,0.72958,1.12,1.19
2017.06.12 05:48:57.185,0.72937,0.72959,1.75,1.56
2017.06.12 05:48:57.875,0.72938,0.72958,1.50,1.19
2017.06.12 05:48:58.520,0.7294,0.72959,1.00,1.94
2017.06.12 05:48:59.524,0.7294,0.72958,1.00,1.19
2017.06.12 05:49:00.466,0.72936,0.72958,2.62,1.56
2017.06.12 05:49:01.196,0.72936,0.72958,1.87,1.56
2017.06.12 05:49:01.965,0.72935,0.72957,1.87,1.31
2017.06.12 05:49:18.174,0.72937,0.72956,1.00,1.25
2017.06.12 05:49:18.224,0.7294,0.72956,1.00,1.25
2017.06.12 05:49:18.820,0.7294,0.72956,1.00,1.19
2017.06.12 05:49:19.371,0.7294,0.72956,1.00,1.25
2017.06.12 05:49:19.819,0.72937,0.72956,1.00,1.00
2017.06.12 05:49:19.870,0.7294,0.72956,1.00,1.00
2017.06.12 05:49:22.845,0.72937,0.72956,1.00,1.56
2017.06.12 05:49:22.996,0.72935,0.72955,1.12,1.31
2017.06.12 05:49:23.614,0.72935,0.72953,1.12,1.19
2017.06.12 05:49:24.964,0.72933,0.72955,1.12,2.81
2017.06.12 05:49:26.083,0.72934,0.72952,1.00,1.56
2017.06.12 05:49:32.646,0.72934,0.72953,1.12,1.31
2017.06.12 05:49:32.798,0.72935,0.72956,1.87,1.56
2017.06.12 05:49:33.153,0.72935,0.72959,1.87,2.06
2017.06.12 05:49:34.093,0.72936,0.72957,1.37,1.19
2017.06.12 05:49:34.569,0.72939,0.72959,1.00,1.56
2017.06.12 05:49:34.721,0.72939,0.7296,1.50,1.56
2017.06.12 05:49:35.242,0.72939,0.7296,1.50,1.56
2017.06.12 05:49:36.811,0.72939,0.7296,1.50,1.31
2017.06.12 05:49:41.654,0.72939,0.7296,1.00,2.06
2017.06.12 05:49:42.169,0.7294,0.7296,1.00,1.56
2017.06.12 05:49:44.419,0.7294,0.7296,1.00,1.56
2017.06.12 05:49:46.873,0.7294,0.7296,1.00,1.56
2017.06.12 05:49:47.381,0.7294,0.7296,1.00,1.56
2017.06.12 05:49:50.795,0.7294,0.7296,1.00,1.56
2017.06.12 05:49:52.079,0.7294,0.7296,1.00,1.31
2017.06.12 05:49:54.470,0.7294,0.7296,1.00,1.56
2017.06.12 05:49:54.521,0.7294,0.7296,1.00,1.31
2017.06.12 05:49:55.204,0.72939,0.7296,1.12,2.06
2017.06.12 05:49:55.820,0.7294,0.7296,1.00,1.31
2017.06.12 05:49:55.894,0.7294,0.7296,1.00,1.00
2017.06.12 05:49:55.945,0.72944,0.7296,1.00,1.00
2017.06.12 05:49:56.263,0.72943,0.72965,1.12,2.44
2017.06.12 05:49:56.314,0.72943,0.72965,1.12,2.44
2017.06.12 05:49:56.540,0.72944,0.72965,1.00,2.44
2017.06.12 05:49:57.388,0.72941,0.72963,1.87,1.19
2017.06.12 05:50:00.049,0.72941,0.72963,1.75,1.19
2017.06.12 05:50:00.665,0.72942,0.72963,1.87,1.19
2017.06.12 05:50:03.018,0.72943,0.72964,1.37,1.56
2017.06.12 05:50:04.982,0.72944,0.72965,1.12,1.31
2017.06.12 05:50:06.148,0.72944,0.72965,1.12,1.31
2017.06.12 05:50:07.569,0.72944,0.72964,1.12,1.56
2017.06.12 05:50:07.670,0.72944,0.72963,1.50,1.19
2017.06.12 05:50:08.200,0.72944,0.72964,2.06,1.12
2017.06.12 05:50:08.503,0.72947,0.72968,1.12,1.69
2017.06.12 05:50:10.996,0.72946,0.72968,1.12,1.69
2017.06.12 05:50:11.147,0.72945,0.72966,1.75,1.56
2017.06.12 05:50:11.249,0.72945,0.72966,1.50,2.06
2017.06.12 05:50:11.349,0.72943,0.72964,1.12,1.56
2017.06.12 05:50:12.317,0.72943,0.72964,1.12,1.56
2017.06.12 05:50:13.806,0.72945,0.72966,1.50,1.31
2017.06.12 05:50:17.996,0.72945,0.72966,1.50,2.81
2017.06.12 05:50:20.425,0.72945,0.72965,1.50,1.19
2017.06.12 05:50:22.330,0.72945,0.72966,1.50,2.81
2017.06.12 05:50:26.946,0.72945,0.72965,1.50,1.19
2017.06.12 05:50:29.787,0.72945,0.72966,1.50,2.81
2017.06.12 05:50:31.097,0.72945,0.72966,1.50,2.81
2017.06.12 05:50:34.783,0.72945,0.72966,1.50,2.81
2017.06.12 05:50:38.776,0.72942,0.72965,1.12,1.69
2017.06.12 05:50:39.449,0.72943,0.72965,1.12,1.69
2017.06.12 05:50:41.136,0.72944,0.72966,1.75,1.31
2017.06.12 05:50:44.357,0.72944,0.72966,1.75,2.81
2017.06.12 05:50:45.421,0.72942,0.72965,1.87,2.44
2017.06.12 05:50:45.967,0.72945,0.72966,1.50,2.06
2017.06.12 05:50:46.068,0.72945,0.72966,1.50,1.56
2017.06.12 05:50:48.154,0.72944,0.72965,2.62,1.19
2017.06.12 05:50:51.942,0.72944,0.72966,2.06,1.31
2017.06.12 05:50:52.765,0.72944,0.72967,2.81,1.31
2017.06.12 05:50:54.758,0.7295,0.7297,1.00,2.44
2017.06.12 05:50:54.960,0.7295,0.72971,2.81,1.00
2017.06.12 05:50:55.111,0.72951,0.72975,2.00,3.19
2017.06.12 05:50:55.812,0.72952,0.72975,1.12,2.44
2017.06.12 05:50:56.786,0.72951,0.72975,1.31,1.94
2017.06.12 05:50:57.112,0.72952,0.72974,1.31,1.56
2017.06.12 05:50:58.326,0.72952,0.72973,1.12,1.19
2017.06.12 05:50:58.622,0.72951,0.72974,1.31,1.56
2017.06.12 05:50:59.865,0.72952,0.72974,1.31,1.56
2017.06.12 05:51:02.518,0.72952,0.72973,1.12,1.19
2017.06.12 05:51:06.959,0.72952,0.72973,1.31,1.19
2017.06.12 05:51:10.185,0.72952,0.72975,2.06,2.06
2017.06.12 05:51:17.285,0.72955,0.72975,1.00,1.31
2017.06.12 05:51:17.623,0.72955,0.72977,1.19,2.00
2017.06.12 05:51:18.040,0.72955,0.72978,1.00,2.06
2017.06.12 05:51:22.322,0.72955,0.72977,1.19,2.06
2017.06.12 05:51:26.187,0.72954,0.72977,2.06,2.00
2017.06.12 05:51:28.027,0.72955,0.72977,1.19,1.94
2017.06.12 05:51:31.147,0.72959,0.7298,2.06,3.37
2017.06.12 05:51:31.299,0.7296,0.72983,1.37,1.31
2017.06.12 05:51:31.657,0.72959,0.72983,1.87,2.06
2017.06.12 05:51:31.827,0.7296,0.72983,1.37,2.06
2017.06.12 05:51:33.009,0.72959,0.7298,1.75,1.19
2017.06.12 05:51:33.286,0.7296,0.72978,1.00,1.69
2017.06.12 05:51:33.387,0.7296,0.72981,1.00,1.94
2017.06.12 05:51:33.488,0.7296,0.72979,1.00,1.69
2017.06.12 05:51:33.790,0.7296,0.72978,1.00,1.19
2017.06.12 05:51:33.952,0.7296,0.72979,1.00,2.06
2017.06.12 05:51:34.187,0.7296,0.72978,1.00,1.19
2017.06.12 05:51:36.204,0.7296,0.72979,1.00,2.06
2017.06.12 05:51:36.724,0.7296,0.72979,1.00,2.81
2017.06.12 05:51:40.598,0.7296,0.72978,1.00,1.19
2017.06.12 05:51:48.302,0.72959,0.72979,1.50,2.06
2017.06.12 05:51:52.155,0.72959,0.72979,1.87,1.19
2017.06.12 05:51:57.983,0.72959,0.72979,1.87,1.19
2017.06.12 05:51:58.577,0.72959,0.72978,1.00,1.31
2017.06.12 05:51:59.385,0.72959,0.72979,1.00,2.06
2017.06.12 05:51:59.436,0.7296,0.72982,1.31,2.06
2017.06.12 05:51:59.487,0.7296,0.72982,2.06,2.44
2017.06.12 05:51:59.538,0.7296,0.72981,2.06,1.19
2017.06.12 05:52:00.168,0.7296,0.72981,1.50,2.06
2017.06.12 05:52:00.869,0.7296,0.72978,1.00,1.00
2017.06.12 05:52:00.970,0.72958,0.72978,1.00,3.19
2017.06.12 05:52:02.147,0.72956,0.72978,1.56,4.31
2017.06.12 05:52:02.198,0.72955,0.72976,1.87,1.19
2017.06.12 05:52:02.445,0.72954,0.72975,1.50,1.69
2017.06.12 05:52:02.935,0.72955,0.72974,1.00,1.31
2017.06.12 05:52:03.856,0.72955,0.72973,1.00,1.56
2017.06.12 05:52:04.455,0.72955,0.72974,1.00,1.31
2017.06.12 05:52:07.622,0.72955,0.72974,1.00,1.31
2017.06.12 05:52:08.142,0.72955,0.72973,1.00,1.56
2017.06.12 05:52:10.425,0.72955,0.72974,1.12,3.19
2017.06.12 05:52:11.222,0.72954,0.72974,1.50,2.44
2017.06.12 05:52:11.272,0.72954,0.72975,1.69,2.06
2017.06.12 05:52:11.424,0.7296,0.72975,1.00,1.69
2017.06.12 05:52:11.626,0.7296,0.72976,1.00,1.69
2017.06.12 05:52:12.486,0.7296,0.72976,1.00,1.69
2017.06.12 05:52:12.726,0.7296,0.72976,1.00,2.06
2017.06.12 05:52:12.944,0.7296,0.72976,1.00,1.69
2017.06.12 05:52:13.096,0.7296,0.72976,1.00,2.06
2017.06.12 05:52:14.391,0.7296,0.72977,1.00,2.44
2017.06.12 05:52:16.837,0.72965,0.7298,1.00,2.25
2017.06.12 05:52:17.039,0.72965,0.72983,1.00,1.56
2017.06.12 05:52:17.587,0.72965,0.72984,1.12,2.06
2017.06.12 05:52:20.237,0.72964,0.72984,1.00,2.06
2017.06.12 05:52:21.125,0.72965,0.72984,1.00,1.94
2017.06.12 05:52:24.722,0.72964,0.72984,1.00,1.31
2017.06.12 05:52:25.326,0.72964,0.72982,1.00,2.81
2017.06.12 05:52:27.715,0.72964,0.72981,1.00,1.19
2017.06.12 05:52:29.332,0.72964,0.72982,1.00,2.06
2017.06.12 05:52:32.632,0.72964,0.72982,1.00,2.06
2017.06.12 05:52:36.222,0.72961,0.72981,1.37,1.19
2017.06.12 05:52:36.366,0.72961,0.72977,1.00,1.00
2017.06.12 05:52:36.417,0.72955,0.72977,2.00,1.31
2017.06.12 05:52:36.467,0.72955,0.72978,1.50,2.19
2017.06.12 05:52:36.518,0.72955,0.72977,1.12,2.06
2017.06.12 05:52:36.569,0.72955,0.72976,1.25,1.31
2017.06.12 05:52:40.582,0.72954,0.72977,1.31,1.94
2017.06.12 05:52:41.392,0.72955,0.72976,1.25,1.31
2017.06.12 05:53:05.410,0.72955,0.72973,1.25,1.00
2017.06.12 05:53:25.440,0.72955,0.72976,1.00,1.31
2017.06.12 05:53:30.208,0.72955,0.72974,1.00,1.31
2017.06.12 05:53:31.826,0.72952,0.72973,1.37,1.31
2017.06.12 05:53:32.092,0.72955,0.72973,1.00,1.31
2017.06.12 05:53:33.832,0.7295,0.72969,1.75,1.56
2017.06.12 05:53:33.984,0.72944,0.72965,2.62,2.06
2017.06.12 05:53:34.085,0.72945,0.72965,1.50,2.06
2017.06.12 05:53:34.616,0.72945,0.72964,1.25,1.75
2017.06.12 05:53:39.613,0.72944,0.72965,1.25,1.94
2017.06.12 05:53:41.026,0.72944,0.72966,1.19,2.81
2017.06.12 05:53:44.771,0.72949,0.72966,1.00,2.81
2017.06.12 05:53:45.166,0.72945,0.7296,1.00,1.00
2017.06.12 05:53:45.217,0.72945,0.72962,1.00,1.56
2017.06.12 05:53:45.467,0.7294,0.72962,1.31,1.31
2017.06.12 05:53:46.124,0.7294,0.72962,1.31,1.50
2017.06.12 05:53:48.023,0.72945,0.72963,1.00,2.44
2017.06.12 05:53:54.621,0.7294,0.72963,1.56,3.94
2017.06.12 05:53:55.697,0.7294,0.72963,1.56,4.69
2017.06.12 05:53:55.873,0.72945,0.72963,1.00,3.56
2017.06.12 05:53:56.126,0.72945,0.72963,1.25,1.00
2017.06.12 05:53:56.336,0.72943,0.72963,1.12,2.06
2017.06.12 05:53:56.438,0.72941,0.72961,1.00,1.19
2017.06.12 05:53:56.947,0.7294,0.72962,1.31,1.94
2017.06.12 05:53:58.972,0.72939,0.72964,1.87,4.31
2017.06.12 05:53:59.375,0.7294,0.72961,1.37,3.56
2017.06.12 05:54:00.056,0.7294,0.72961,1.37,3.56
2017.06.12 05:54:00.629,0.7294,0.7296,1.12,3.19
2017.06.12 05:54:02.008,0.7294,0.7296,1.12,3.19
2017.06.12 05:54:02.422,0.7294,0.72961,1.12,1.31
2017.06.12 05:54:02.623,0.7294,0.72962,2.06,1.31
2017.06.12 05:54:06.069,0.72942,0.72962,1.00,1.31
2017.06.12 05:54:13.734,0.7294,0.72962,1.69,1.94
2017.06.12 05:54:15.877,0.72939,0.72961,1.87,1.31
2017.06.12 05:54:15.978,0.72939,0.72959,1.87,1.19
2017.06.12 05:54:16.028,0.7294,0.7296,1.12,1.56
2017.06.12 05:54:16.079,0.72938,0.72959,1.12,1.19
2017.06.12 05:54:16.482,0.72939,0.7296,1.19,2.06
2017.06.12 05:54:16.684,0.72937,0.72958,2.44,1.00
2017.06.12 05:54:17.078,0.7294,0.72961,1.69,1.31
2017.06.12 05:54:17.635,0.72939,0.7296,1.50,1.19
2017.06.12 05:54:18.270,0.7294,0.7296,1.00,1.31
2017.06.12 05:54:18.479,0.7294,0.72959,1.25,1.00
2017.06.12 05:54:20.562,0.72939,0.72959,1.69,1.25
2017.06.12 05:54:20.663,0.72939,0.7296,1.25,1.31
2017.06.12 05:54:22.843,0.7294,0.72959,1.00,2.06
2017.06.12 05:54:23.594,0.72938,0.7296,1.25,2.44
2017.06.12 05:54:23.712,0.7294,0.7296,1.00,2.44
2017.06.12 05:54:24.621,0.72939,0.7296,1.00,2.44
2017.06.12 05:54:25.335,0.7294,0.72961,1.00,3.94
2017.06.12 05:54:29.637,0.72939,0.7296,1.00,2.44
2017.06.12 05:54:30.697,0.7294,0.7296,1.00,2.44
2017.06.12 05:54:30.943,0.72937,0.72961,1.62,2.44
2017.06.12 05:54:30.993,0.7294,0.72961,1.00,2.44
2017.06.12 05:54:37.867,0.72939,0.7296,1.00,2.44
2017.06.12 05:54:38.241,0.7294,0.72958,1.00,1.31
2017.06.12 05:54:38.696,0.72935,0.72958,2.06,1.94
2017.06.12 05:54:39.247,0.72936,0.72957,1.56,1.75
2017.06.12 05:54:39.865,0.72936,0.72957,1.56,2.00
2017.06.12 05:54:42.121,0.7294,0.72957,1.00,2.00
2017.06.12 05:54:43.048,0.72936,0.72957,1.56,2.00
2017.06.12 05:54:43.137,0.7294,0.72957,1.00,2.00
2017.06.12 05:54:43.188,0.72935,0.72958,2.06,1.75
2017.06.12 05:54:43.301,0.7294,0.72958,1.00,1.75
2017.06.12 05:54:43.421,0.72936,0.72957,1.56,2.00
2017.06.12 05:54:44.118,0.7294,0.72957,1.00,2.00
2017.06.12 05:54:44.168,0.72936,0.72957,1.56,2.00
2017.06.12 05:54:46.842,0.72935,0.72956,1.87,1.56
2017.06.12 05:54:46.943,0.72935,0.72957,1.69,1.94
2017.06.12 05:54:47.717,0.72935,0.72958,1.69,2.44
2017.06.12 05:54:48.487,0.7294,0.72958,1.00,2.44
2017.06.12 05:54:49.889,0.72935,0.72958,1.12,1.31
2017.06.12 05:54:49.990,0.72935,0.72958,1.00,2.81
2017.06.12 05:54:51.085,0.72934,0.72958,3.56,1.94
2017.06.12 05:54:52.219,0.72935,0.72956,1.00,1.69
2017.06.12 05:54:55.324,0.72935,0.72958,2.25,1.94
2017.06.12 05:54:55.739,0.72937,0.72959,1.25,2.44
2017.06.12 05:54:56.980,0.7294,0.7296,1.00,1.94
2017.06.12 05:54:57.031,0.7294,0.72961,1.50,1.31
2017.06.12 05:54:57.233,0.7294,0.7296,1.50,1.56
2017.06.12 05:55:00.429,0.7294,0.72961,2.00,1.00
2017.06.12 05:55:00.480,0.72941,0.72962,1.62,1.56
2017.06.12 05:55:01.327,0.72943,0.72964,1.00,1.75
2017.06.12 05:55:01.432,0.72943,0.72964,1.00,1.75
2017.06.12 05:55:01.630,0.72945,0.72964,1.00,2.44
2017.06.12 05:55:01.681,0.72941,0.72963,1.31,1.56
2017.06.12 05:55:01.782,0.72945,0.72962,1.00,1.00
2017.06.12 05:55:02.909,0.72945,0.72965,1.50,1.56
2017.06.12 05:55:03.511,0.72945,0.72966,1.12,1.69
2017.06.12 05:55:04.038,0.72945,0.72967,2.00,2.44
2017.06.12 05:55:05.199,0.72945,0.72967,1.75,1.56
2017.06.12 05:55:05.796,0.72945,0.72966,2.06,1.19
2017.06.12 05:55:06.612,0.72945,0.72967,2.06,1.62
2017.06.12 05:55:12.493,0.72946,0.72966,1.37,1.19
2017.06.12 05:55:12.711,0.72945,0.72965,1.31,1.25
2017.06.12 05:55:13.216,0.72945,0.72965,1.12,1.19
2017.06.12 05:55:14.646,0.72945,0.72965,1.00,1.25
2017.06.12 05:55:18.192,0.72944,0.72965,1.12,1.25
2017.06.12 05:55:21.565,0.72944,0.72964,1.00,1.19
2017.06.12 05:55:25.019,0.72944,0.72965,1.25,2.44
2017.06.12 05:55:25.825,0.72944,0.72964,1.00,1.31
2017.06.12 05:55:28.317,0.72942,0.72965,1.37,1.56
2017.06.12 05:55:28.418,0.72942,0.72964,1.12,1.94
2017.06.12 05:55:28.519,0.7294,0.72961,3.19,1.00
2017.06.12 05:55:29.069,0.7294,0.72961,2.81,1.19
2017.06.12 05:55:29.432,0.72945,0.72961,1.00,1.00
2017.06.12 05:55:29.538,0.7294,0.72961,2.44,1.00
2017.06.12 05:55:30.117,0.72941,0.72961,1.37,1.19
2017.06.12 05:55:30.218,0.7294,0.72961,1.87,1.19
2017.06.12 05:55:30.767,0.7294,0.72961,1.87,1.19
2017.06.12 05:55:32.368,0.7294,0.72961,2.62,1.31
2017.06.12 05:55:33.287,0.7294,0.72961,1.87,1.31
2017.06.12 05:55:33.829,0.7294,0.72961,2.62,2.06
2017.06.12 05:55:34.421,0.7294,0.72961,1.87,1.19
2017.06.12 05:55:39.618,0.7294,0.72961,1.87,1.31
2017.06.12 05:55:40.745,0.7294,0.72961,1.87,1.69
2017.06.12 05:55:41.590,0.7294,0.72959,1.50,1.56
2017.06.12 05:55:42.491,0.7294,0.72959,1.50,1.56
2017.06.12 05:55:43.050,0.7294,0.72959,1.50,1.56
2017.06.12 05:55:47.818,0.7294,0.72958,1.50,1.19
2017.06.12 05:55:49.472,0.7294,0.72959,1.50,1.56
2017.06.12 05:55:51.209,0.7294,0.7296,1.50,1.31
2017.06.12 05:55:51.721,0.7294,0.72959,1.50,1.56
2017.06.12 05:55:53.854,0.7294,0.72959,1.50,1.56
2017.06.12 05:55:54.685,0.7294,0.7296,1.12,1.31
2017.06.12 05:55:56.152,0.7294,0.72958,1.50,1.19
2017.06.12 05:55:56.610,0.7294,0.72959,1.12,1.56
2017.06.12 05:55:57.422,0.7294,0.72959,1.50,1.56
2017.06.12 05:56:00.234,0.7294,0.72958,1.50,1.19
2017.06.12 05:56:01.675,0.7294,0.7296,1.12,1.31
2017.06.12 05:56:01.973,0.7294,0.72958,1.50,1.19
2017.06.12 05:56:03.496,0.7294,0.72959,1.50,1.56
2017.06.12 05:56:05.032,0.7294,0.72959,1.50,1.56
2017.06.12 05:56:05.467,0.7294,0.7296,1.12,1.31
2017.06.12 05:56:10.363,0.7294,0.7296,1.12,1.56
2017.06.12 05:56:10.871,0.7294,0.72961,1.87,1.69
2017.06.12 05:56:11.469,0.7294,0.72961,1.87,1.31
2017.06.12 05:56:12.264,0.7294,0.72961,1.87,1.31
2017.06.12 05:56:13.625,0.7294,0.72961,1.87,1.31
2017.06.12 05:56:14.688,0.7294,0.72961,1.87,1.69
2017.06.12 05:56:15.444,0.7294,0.72961,1.87,1.69
2017.06.12 05:56:17.884,0.7294,0.72961,1.87,1.69
2017.06.12 05:56:19.304,0.7294,0.72958,1.00,1.56
2017.06.12 05:56:19.557,0.72935,0.72956,1.37,1.69
2017.06.12 05:56:20.309,0.72934,0.72954,1.50,1.56
2017.06.12 05:56:23.731,0.72935,0.72954,1.00,1.56
2017.06.12 05:56:23.882,0.72935,0.72953,1.00,2.06
2017.06.12 05:56:24.021,0.7293,0.72952,1.12,1.31
2017.06.12 05:56:28.251,0.72929,0.72951,2.06,2.44
2017.06.12 05:56:28.352,0.72926,0.72949,2.06,2.44
2017.06.12 05:56:28.504,0.72927,0.72949,1.12,1.56
2017.06.12 05:56:28.554,0.72926,0.72948,1.31,1.81
2017.06.12 05:56:28.605,0.72927,0.72948,1.25,1.56
2017.06.12 05:56:28.769,0.72925,0.72947,2.06,1.56
2017.06.12 05:56:29.501,0.72925,0.72945,1.87,1.19
2017.06.12 05:56:29.602,0.72925,0.72945,1.69,1.62
2017.06.12 05:56:30.330,0.72925,0.72945,1.69,1.37
2017.06.12 05:56:31.123,0.72925,0.72946,1.69,1.31
2017.06.12 05:56:35.407,0.72925,0.72944,1.12,1.19
2017.06.12 05:56:35.907,0.72922,0.72944,1.37,1.50
2017.06.12 05:56:36.429,0.72925,0.72944,1.00,1.50
2017.06.12 05:56:36.820,0.7293,0.72948,1.00,2.00
2017.06.12 05:56:36.871,0.7293,0.72946,1.00,1.00
2017.06.12 05:56:36.922,0.72925,0.72946,3.19,1.00
2017.06.12 05:56:38.286,0.72926,0.72947,1.31,1.19
2017.06.12 05:56:39.092,0.72925,0.72946,2.06,1.25
2017.06.12 05:56:39.956,0.72925,0.72946,2.06,1.19
2017.06.12 05:56:42.651,0.72925,0.72946,2.25,1.12
2017.06.12 05:56:43.737,0.72925,0.72946,1.19,1.12
2017.06.12 05:56:44.258,0.72929,0.72946,1.00,1.00
2017.06.12 05:56:44.448,0.72929,0.72949,1.50,1.56
2017.06.12 05:56:51.003,0.7293,0.72949,1.00,2.06
2017.06.12 05:56:51.517,0.72927,0.72948,1.62,1.56
2017.06.12 05:56:51.617,0.7293,0.72948,1.00,1.56
2017.06.12 05:56:54.001,0.7293,0.72948,1.00,1.50
2017.06.12 05:56:54.408,0.72926,0.72947,1.25,1.31
2017.06.12 05:56:58.341,0.7293,0.72947,1.00,1.31
2017.06.12 05:56:58.443,0.7293,0.72947,1.00,1.00
2017.06.12 05:57:01.519,0.7293,0.72949,1.50,1.31
2017.06.12 05:57:04.507,0.7293,0.72949,1.50,1.00
2017.06.12 05:57:06.034,0.7293,0.72949,1.69,1.00
2017.06.12 05:57:06.105,0.7293,0.72949,1.69,1.00
2017.06.12 05:57:06.410,0.72935,0.72955,1.31,1.37
2017.06.12 05:57:07.670,0.7294,0.72957,1.00,1.31
2017.06.12 05:57:07.891,0.7294,0.72958,1.00,1.31
2017.06.12 05:57:08.367,0.7294,0.72961,1.37,1.94
2017.06.12 05:57:09.271,0.72939,0.72961,1.87,1.56
2017.06.12 05:57:11.130,0.7294,0.72961,1.00,1.56
2017.06.12 05:57:41.063,0.72937,0.72957,1.12,1.19
2017.06.12 05:57:41.114,0.72938,0.72958,1.00,1.12
2017.06.12 05:57:41.862,0.72938,0.72956,1.00,1.19
2017.06.12 05:57:43.121,0.72938,0.72956,1.00,1.25
2017.06.12 05:57:43.754,0.72938,0.72956,1.31,1.00
2017.06.12 05:57:43.905,0.72941,0.72961,1.25,1.31
2017.06.12 05:57:43.956,0.72941,0.72961,1.00,1.31
2017.06.12 05:57:44.107,0.72941,0.72962,2.44,1.56
2017.06.12 05:57:44.158,0.72942,0.72962,1.31,1.25
2017.06.12 05:57:50.244,0.72943,0.72963,1.12,1.69
2017.06.12 05:57:51.720,0.72942,0.72964,1.12,1.31
2017.06.12 05:57:52.725,0.72942,0.72963,1.12,1.56
2017.06.12 05:57:53.459,0.72942,0.72963,1.31,1.56
2017.06.12 05:57:54.120,0.72942,0.72964,1.12,2.44
2017.06.12 05:57:58.950,0.72942,0.72965,1.12,2.06
2017.06.12 05:58:05.493,0.72942,0.72965,1.12,2.06
2017.06.12 05:58:06.083,0.72942,0.72965,1.37,2.06
2017.06.12 05:58:08.160,0.72942,0.72962,1.00,1.56
2017.06.12 05:58:09.382,0.72941,0.7296,1.37,1.19
2017.06.12 05:58:11.547,0.72941,0.7296,1.37,1.31
2017.06.12 05:58:11.723,0.72941,0.72959,1.00,1.19
2017.06.12 05:58:12.072,0.7294,0.72958,1.50,1.00
2017.06.12 05:58:14.789,0.7294,0.72958,1.87,1.00
2017.06.12 05:58:15.092,0.7294,0.72961,1.50,1.56
2017.06.12 05:58:15.899,0.7294,0.72961,1.87,1.69
2017.06.12 05:58:16.815,0.7294,0.7296,1.87,1.19
2017.06.12 05:58:17.079,0.7294,0.7296,1.12,2.06
2017.06.12 05:58:20.709,0.7294,0.7296,1.37,1.31
2017.06.12 05:58:21.036,0.72941,0.7296,1.00,1.56
2017.06.12 05:58:25.419,0.72941,0.7296,1.00,1.56
2017.06.12 05:58:25.520,0.72938,0.72958,1.12,1.69
2017.06.12 05:58:25.646,0.72937,0.72956,1.12,1.19
2017.06.12 05:58:26.013,0.7294,0.72957,1.00,1.56
2017.06.12 05:58:26.215,0.72937,0.72957,1.00,1.31
2017.06.12 05:58:27.846,0.72939,0.72958,1.00,1.31
2017.06.12 05:58:30.119,0.72937,0.72959,1.25,1.31
2017.06.12 05:58:30.818,0.7294,0.72958,1.00,1.31
2017.06.12 05:58:31.218,0.72936,0.72958,3.19,1.31
2017.06.12 05:58:31.818,0.7294,0.72958,1.00,1.31
2017.06.12 05:58:32.673,0.72937,0.72959,1.69,2.06
2017.06.12 05:58:32.922,0.72937,0.72954,1.00,1.31
2017.06.12 05:58:33.132,0.72935,0.72953,1.25,1.75
2017.06.12 05:58:33.434,0.72936,0.72957,1.69,2.81
2017.06.12 05:58:33.535,0.7294,0.72957,1.00,2.62
2017.06.12 05:58:34.116,0.7294,0.72959,1.25,1.12
2017.06.12 05:58:34.166,0.7294,0.72959,1.25,1.12
2017.06.12 05:58:37.140,0.7294,0.72955,1.00,1.19
2017.06.12 05:58:37.241,0.72935,0.72954,1.50,1.69
2017.06.12 05:58:37.768,0.72935,0.72955,1.87,1.94
2017.06.12 05:58:42.070,0.7294,0.72956,1.00,1.31
2017.06.12 05:58:42.278,0.7294,0.72956,1.00,1.19
2017.06.12 05:58:42.993,0.7294,0.72957,1.00,1.56
2017.06.12 05:58:43.144,0.72936,0.72956,1.12,1.31
2017.06.12 05:58:43.304,0.72935,0.72957,1.87,1.56
2017.06.12 05:58:44.596,0.72936,0.72956,1.12,1.31
2017.06.12 05:58:45.620,0.72936,0.72956,1.12,1.31
2017.06.12 05:58:45.977,0.72935,0.72955,1.75,2.44
2017.06.12 05:58:46.078,0.72935,0.72954,1.12,1.31
2017.06.12 05:58:46.735,0.72935,0.72957,1.87,1.31
2017.06.12 05:58:46.786,0.72935,0.72957,1.87,1.31
2017.06.12 05:58:47.371,0.72936,0.72956,1.12,1.69
2017.06.12 05:58:47.891,0.72935,0.72957,1.87,1.31
2017.06.12 05:58:50.585,0.72936,0.72956,1.12,1.56
2017.06.12 05:58:51.094,0.72935,0.72957,1.87,1.94
2017.06.12 05:58:51.292,0.72935,0.72954,1.75,1.19
2017.06.12 05:58:51.393,0.72935,0.72955,1.37,1.50
2017.06.12 05:58:52.157,0.72934,0.72955,1.50,1.56
2017.06.12 05:58:53.091,0.72933,0.72953,1.12,1.19
2017.06.12 05:58:53.723,0.72932,0.72955,1.12,1.50
2017.06.12 05:58:56.510,0.72933,0.72953,1.12,1.44
2017.06.12 05:58:56.611,0.7293,0.72952,1.75,3.19
2017.06.12 05:58:56.713,0.7293,0.72949,1.75,1.25
2017.06.12 05:59:00.286,0.72933,0.72952,1.00,1.31
2017.06.12 05:59:00.925,0.72933,0.72952,1.00,1.31
2017.06.12 05:59:01.683,0.72934,0.72952,1.00,1.31
2017.06.12 05:59:02.362,0.72933,0.72952,1.00,1.31
2017.06.12 05:59:09.868,0.72935,0.72952,1.00,1.31
2017.06.12 05:59:14.143,0.72935,0.72952,1.00,1.31
2017.06.12 05:59:14.695,0.72935,0.72952,1.00,1.00
2017.06.12 05:59:16.018,0.72933,0.72952,1.00,1.31
2017.06.12 05:59:17.971,0.72933,0.72952,1.00,1.31
2017.06.12 05:59:20.490,0.72933,0.72952,1.00,1.31
2017.06.12 05:59:23.916,0.72935,0.72956,1.37,1.31
2017.06.12 05:59:24.118,0.72938,0.72956,1.00,1.00
2017.06.12 05:59:25.677,0.72938,0.72956,1.00,1.31
2017.06.12 05:59:27.019,0.72935,0.72956,1.87,1.50
2017.06.12 05:59:27.537,0.72935,0.72956,1.37,1.31
2017.06.12 05:59:31.811,0.72934,0.72954,1.37,1.94
2017.06.12 05:59:32.687,0.72934,0.72954,1.37,1.94
2017.06.12 05:59:35.568,0.72935,0.72954,1.37,1.94
2017.06.12 05:59:36.126,0.72935,0.72954,1.37,1.94
2017.06.12 05:59:37.399,0.72933,0.72954,1.12,1.69
2017.06.12 05:59:37.948,0.72935,0.72954,1.37,2.06
2017.06.12 05:59:45.560,0.72935,0.72954,1.12,2.06
