2016.09.16 11:00:01.130,0.7317,0.73194,1.50,2.62
2016.09.16 11:00:01.181,0.73175,0.73194,1.00,2.62
2016.09.16 11:00:01.232,0.73175,0.73192,1.00,1.75
2016.09.16 11:00:01.282,0.73169,0.73191,1.12,1.75
2016.09.16 11:00:01.383,0.7317,0.73192,1.00,2.62
2016.09.16 11:00:01.481,0.73169,0.7319,1.00,2.62
2016.09.16 11:00:01.583,0.73165,0.7318,1.00,1.00
2016.09.16 11:00:04.197,0.73162,0.7318,1.00,1.00
2016.09.16 11:00:04.298,0.73165,0.7318,1.00,1.00
2016.09.16 11:00:09.008,0.7317,0.7318,1.00,1.00
2016.09.16 11:00:13.903,0.73169,0.7318,1.00,1.00
2016.09.16 11:00:14.715,0.7317,0.7318,1.00,1.00
2016.09.16 11:00:14.766,0.7317,0.73184,1.00,2.62
2016.09.16 11:00:14.816,0.7317,0.73179,1.00,1.00
2016.09.16 11:00:15.224,0.73165,0.73179,1.00,1.00
2016.09.16 11:00:15.895,0.73164,0.73179,1.00,1.00
2016.09.16 11:00:16.427,0.73165,0.73179,1.00,1.00
2016.09.16 11:00:17.561,0.7317,0.73179,1.00,1.00
2016.09.16 11:00:17.713,0.7317,0.73185,1.00,2.62
2016.09.16 11:00:18.230,0.73169,0.73185,1.00,2.62
2016.09.16 11:00:20.099,0.73169,0.73187,1.00,2.62
2016.09.16 11:00:21.050,0.7317,0.73187,1.00,2.62
2016.09.16 11:00:24.484,0.73169,0.73187,1.00,2.62
2016.09.16 11:00:24.989,0.73169,0.73186,1.00,2.62
2016.09.16 11:00:25.925,0.73165,0.73185,1.00,1.75
2016.09.16 11:00:26.129,0.7316,0.73185,1.75,1.75
2016.09.16 11:00:26.363,0.7316,0.7318,1.00,2.62
2016.09.16 11:00:26.413,0.73159,0.73178,1.00,2.62
2016.09.16 11:00:26.514,0.7316,0.73181,1.00,2.62
2016.09.16 11:00:26.616,0.7316,0.73183,1.12,2.62
2016.09.16 11:00:26.767,0.73159,0.73183,1.50,2.62
2016.09.16 11:00:26.868,0.7316,0.73183,1.12,2.62
2016.09.16 11:00:26.919,0.7316,0.73179,1.00,2.62
2016.09.16 11:00:27.959,0.7316,0.73182,1.00,2.62
2016.09.16 11:00:28.273,0.73165,0.73182,1.00,2.62
2016.09.16 11:00:28.627,0.73165,0.73187,1.00,2.62
2016.09.16 11:00:28.779,0.7317,0.73187,1.00,2.62
2016.09.16 11:00:29.321,0.73169,0.73187,1.00,2.62
2016.09.16 11:00:29.834,0.7317,0.73189,1.00,2.62
2016.09.16 11:00:30.762,0.73169,0.73189,1.00,2.62
2016.09.16 11:00:31.736,0.73175,0.73189,1.00,2.62
2016.09.16 11:00:31.940,0.73175,0.73192,1.00,2.62
2016.09.16 11:00:32.134,0.7317,0.73191,1.00,2.62
2016.09.16 11:00:32.882,0.73175,0.73191,1.00,2.62
2016.09.16 11:00:32.933,0.73175,0.73189,1.00,1.00
2016.09.16 11:00:33.034,0.73175,0.73195,1.00,2.62
2016.09.16 11:00:35.879,0.73179,0.73197,1.00,2.62
2016.09.16 11:00:36.489,0.73175,0.73197,1.12,2.62
2016.09.16 11:00:36.894,0.73174,0.73197,1.50,2.62
2016.09.16 11:00:37.141,0.73175,0.73197,1.12,2.62
2016.09.16 11:00:38.646,0.73175,0.73195,1.00,2.62
2016.09.16 11:00:39.057,0.73175,0.73193,1.00,2.62
2016.09.16 11:00:39.108,0.7317,0.73193,1.12,2.62
2016.09.16 11:00:39.458,0.73174,0.73193,1.00,2.62
2016.09.16 11:00:39.761,0.73174,0.7319,1.00,2.62
2016.09.16 11:00:40.168,0.7317,0.7319,1.00,3.37
2016.09.16 11:00:40.350,0.73175,0.7319,1.00,2.62
2016.09.16 11:00:40.650,0.7317,0.7319,1.00,2.62
2016.09.16 11:00:42.648,0.73175,0.7319,1.00,2.62
2016.09.16 11:00:42.749,0.7317,0.7319,1.00,2.62
2016.09.16 11:00:43.264,0.73174,0.7319,1.00,2.62
2016.09.16 11:00:43.664,0.7317,0.7319,1.00,2.62
2016.09.16 11:00:44.775,0.73174,0.73192,1.00,2.62
2016.09.16 11:00:45.259,0.7317,0.73191,1.00,2.62
2016.09.16 11:00:46.381,0.73175,0.73191,1.00,2.62
2016.09.16 11:00:46.583,0.7317,0.7319,1.00,1.75
2016.09.16 11:00:47.277,0.73175,0.73191,1.00,2.62
2016.09.16 11:00:48.858,0.7317,0.7319,1.00,1.75
2016.09.16 11:00:49.113,0.7317,0.7319,1.12,1.75
2016.09.16 11:00:49.164,0.73175,0.73192,1.00,2.62
2016.09.16 11:00:49.215,0.73175,0.73195,1.00,3.37
2016.09.16 11:00:49.265,0.73174,0.73195,1.00,4.50
2016.09.16 11:00:49.322,0.73174,0.73188,1.00,1.00
2016.09.16 11:00:49.914,0.7317,0.7319,1.00,1.75
2016.09.16 11:00:51.214,0.7317,0.7319,1.12,1.75
2016.09.16 11:00:54.937,0.73175,0.73193,1.00,2.62
2016.09.16 11:00:54.992,0.7317,0.7319,1.12,1.75
2016.09.16 11:00:55.387,0.73169,0.73191,1.50,1.75
2016.09.16 11:00:55.682,0.7317,0.7319,1.50,1.50
2016.09.16 11:00:55.733,0.7317,0.7319,1.75,1.50
2016.09.16 11:00:55.985,0.7317,0.7319,1.75,1.37
2016.09.16 11:00:56.036,0.7317,0.7319,1.75,1.12
2016.09.16 11:00:56.137,0.73175,0.73195,1.00,1.75
2016.09.16 11:00:56.395,0.73175,0.73195,1.00,3.37
2016.09.16 11:00:56.446,0.73175,0.73194,1.00,2.62
2016.09.16 11:00:57.528,0.73174,0.73194,1.00,2.62
2016.09.16 11:00:57.812,0.73175,0.73194,1.00,2.62
2016.09.16 11:00:59.443,0.7317,0.7319,1.50,1.75
2016.09.16 11:01:00.286,0.73171,0.7319,1.00,1.37
2016.09.16 11:01:00.337,0.7317,0.7319,1.75,1.12
2016.09.16 11:01:00.488,0.7317,0.7319,3.00,1.12
2016.09.16 11:01:02.303,0.73173,0.7319,1.30,1.12
2016.09.16 11:01:02.354,0.73175,0.73195,1.00,1.75
2016.09.16 11:01:02.555,0.73175,0.73195,1.12,1.75
2016.09.16 11:01:02.850,0.73173,0.7319,1.00,1.00
2016.09.16 11:01:02.900,0.7317,0.7319,1.50,1.37
2016.09.16 11:01:02.951,0.7317,0.7319,1.50,1.75
2016.09.16 11:01:03.002,0.7317,0.7319,1.37,1.75
2016.09.16 11:01:03.052,0.7317,0.7319,1.00,1.75
2016.09.16 11:01:03.209,0.7317,0.73185,1.00,1.00
2016.09.16 11:01:03.260,0.7317,0.7319,1.00,3.37
2016.09.16 11:01:03.566,0.7317,0.73189,1.00,2.62
2016.09.16 11:01:03.616,0.7317,0.73183,1.00,1.00
2016.09.16 11:01:03.721,0.73164,0.73183,2.10,1.00
2016.09.16 11:01:04.448,0.73164,0.73183,1.50,1.00
2016.09.16 11:01:04.499,0.7317,0.73183,1.00,1.00
2016.09.16 11:01:05.404,0.73169,0.73189,1.00,2.62
2016.09.16 11:01:06.202,0.7317,0.73189,1.00,2.62
2016.09.16 11:01:07.866,0.73169,0.73189,1.00,2.62
2016.09.16 11:01:08.444,0.73169,0.73189,1.35,2.62
2016.09.16 11:01:08.545,0.7317,0.73189,1.50,2.62
2016.09.16 11:01:08.596,0.7317,0.73187,1.50,1.00
2016.09.16 11:01:08.646,0.73175,0.73194,1.00,2.62
2016.09.16 11:01:08.697,0.73175,0.73198,1.12,2.62
2016.09.16 11:01:11.623,0.73175,0.73191,1.12,1.00
2016.09.16 11:01:11.674,0.7317,0.73195,1.75,1.75
2016.09.16 11:01:12.777,0.73169,0.73196,1.75,3.37
2016.09.16 11:01:12.831,0.73169,0.73195,1.75,2.62
2016.09.16 11:01:12.899,0.73169,0.73194,1.75,2.62
2016.09.16 11:01:13.522,0.7317,0.73193,1.37,2.62
2016.09.16 11:01:13.572,0.73165,0.7319,1.75,1.75
2016.09.16 11:01:13.623,0.73165,0.7319,1.50,3.37
2016.09.16 11:01:13.673,0.73165,0.73189,1.50,2.62
2016.09.16 11:01:15.413,0.73165,0.73189,1.75,2.62
2016.09.16 11:01:15.470,0.73165,0.7319,1.75,3.37
2016.09.16 11:01:19.253,0.7317,0.7319,1.00,2.62
2016.09.16 11:01:19.303,0.7317,0.73193,1.37,2.62
2016.09.16 11:01:19.390,0.7317,0.73195,1.75,1.75
2016.09.16 11:01:19.541,0.7317,0.73195,1.75,3.37
2016.09.16 11:01:19.592,0.7317,0.73194,1.75,2.62
2016.09.16 11:01:19.744,0.7317,0.73194,1.37,4.50
2016.09.16 11:01:19.794,0.7317,0.73193,1.12,2.62
2016.09.16 11:01:19.845,0.73175,0.73193,1.00,2.62
2016.09.16 11:01:19.993,0.7317,0.7319,1.50,1.75
2016.09.16 11:01:20.044,0.73175,0.73189,1.00,1.00
2016.09.16 11:01:20.249,0.73171,0.73189,1.00,1.00
2016.09.16 11:01:20.350,0.7317,0.7319,1.75,1.37
2016.09.16 11:01:20.401,0.7317,0.7319,1.75,1.12
2016.09.16 11:01:20.870,0.73169,0.73191,1.75,1.50
2016.09.16 11:01:21.072,0.73169,0.73191,1.75,1.75
2016.09.16 11:01:21.454,0.7317,0.7319,1.75,1.50
2016.09.16 11:01:21.545,0.73175,0.73195,1.00,3.37
2016.09.16 11:01:21.955,0.7317,0.7319,1.75,1.50
2016.09.16 11:01:23.873,0.73175,0.73195,1.00,3.37
2016.09.16 11:01:24.865,0.7317,0.7319,1.75,1.50
2016.09.16 11:01:25.649,0.73175,0.73195,1.00,3.37
2016.09.16 11:01:25.866,0.7317,0.7319,1.75,1.50
2016.09.16 11:01:26.668,0.73174,0.73195,1.00,2.62
2016.09.16 11:01:30.878,0.7317,0.7319,1.75,1.50
2016.09.16 11:01:31.415,0.73175,0.73195,1.00,3.37
2016.09.16 11:01:31.602,0.7317,0.7319,1.75,1.50
2016.09.16 11:01:31.703,0.73175,0.73195,1.00,3.37
2016.09.16 11:01:32.393,0.7317,0.7319,1.75,1.50
2016.09.16 11:01:36.891,0.73174,0.73195,1.00,2.62
2016.09.16 11:01:36.942,0.73174,0.73191,1.00,1.00
2016.09.16 11:01:37.565,0.73175,0.73191,1.00,1.00
2016.09.16 11:01:38.093,0.73175,0.73195,1.00,3.37
2016.09.16 11:01:38.144,0.73175,0.73189,1.00,1.00
2016.09.16 11:01:38.485,0.7317,0.73189,1.50,1.00
2016.09.16 11:01:42.471,0.7317,0.73189,1.00,1.00
2016.09.16 11:01:42.819,0.73174,0.73189,1.00,1.00
2016.09.16 11:01:43.559,0.73175,0.73189,1.00,1.00
2016.09.16 11:01:43.808,0.7317,0.73189,1.50,1.00
2016.09.16 11:01:44.668,0.7317,0.73189,2.10,1.00
2016.09.16 11:01:46.113,0.73175,0.73189,1.00,1.00
2016.09.16 11:01:50.344,0.73174,0.73189,1.00,1.00
2016.09.16 11:01:51.487,0.7317,0.73189,2.10,1.00
2016.09.16 11:01:52.221,0.73175,0.73189,1.00,1.00
2016.09.16 11:01:53.847,0.7317,0.73189,2.10,1.00
2016.09.16 11:01:53.948,0.7317,0.7319,2.10,1.75
2016.09.16 11:01:54.049,0.7317,0.7319,1.72,1.75
2016.09.16 11:01:54.100,0.7317,0.7319,1.35,1.75
2016.09.16 11:01:55.603,0.7317,0.73186,1.72,1.00
2016.09.16 11:01:55.863,0.7317,0.7319,1.72,1.75
2016.09.16 11:01:58.128,0.7317,0.73191,1.30,1.75
2016.09.16 11:02:00.282,0.7317,0.73191,1.67,1.75
2016.09.16 11:02:00.333,0.7317,0.7319,2.10,1.75
2016.09.16 11:02:00.555,0.73175,0.73194,1.00,2.62
2016.09.16 11:02:00.830,0.7317,0.7319,2.10,1.75
2016.09.16 11:02:01.067,0.73175,0.73194,1.00,2.62
2016.09.16 11:02:02.175,0.7317,0.7319,2.10,1.75
2016.09.16 11:02:02.462,0.73175,0.73194,1.00,2.62
2016.09.16 11:02:03.865,0.73174,0.73194,1.00,2.62
2016.09.16 11:02:03.967,0.73175,0.73194,1.00,2.62
2016.09.16 11:02:04.229,0.73174,0.73194,1.00,2.62
2016.09.16 11:02:04.674,0.7317,0.73194,1.50,2.62
2016.09.16 11:02:04.776,0.73175,0.73194,1.00,2.62
2016.09.16 11:02:04.877,0.73169,0.73194,2.10,2.62
2016.09.16 11:02:05.879,0.7317,0.73194,1.50,2.62
2016.09.16 11:02:12.796,0.7317,0.73194,1.50,3.37
2016.09.16 11:02:16.368,0.73169,0.73194,1.75,3.37
2016.09.16 11:02:16.651,0.7317,0.73194,1.50,3.37
2016.09.16 11:02:16.904,0.7317,0.73194,1.75,2.62
2016.09.16 11:02:17.779,0.7317,0.73195,1.75,1.75
2016.09.16 11:02:19.674,0.73167,0.7319,2.62,1.12
2016.09.16 11:02:19.868,0.73167,0.73186,1.00,1.00
2016.09.16 11:02:20.435,0.73165,0.7319,1.75,3.37
2016.09.16 11:02:20.486,0.73161,0.73186,2.62,2.25
2016.09.16 11:02:20.536,0.7316,0.73184,2.62,2.62
2016.09.16 11:02:20.762,0.7316,0.7318,1.50,1.75
2016.09.16 11:02:20.812,0.7316,0.7318,1.12,1.75
2016.09.16 11:02:21.074,0.7316,0.73182,1.12,2.62
2016.09.16 11:02:22.068,0.7316,0.7318,1.12,1.75
2016.09.16 11:02:23.671,0.73159,0.73181,1.37,1.75
2016.09.16 11:02:23.772,0.7316,0.7318,1.12,1.75
2016.09.16 11:02:25.425,0.7316,0.73178,1.37,1.00
2016.09.16 11:02:25.476,0.7316,0.7318,1.75,1.75
2016.09.16 11:02:26.566,0.7316,0.7318,1.75,1.50
2016.09.16 11:02:26.617,0.7316,0.7318,1.75,1.12
2016.09.16 11:02:30.901,0.73159,0.73181,1.75,1.37
2016.09.16 11:02:33.219,0.7316,0.7318,1.75,1.12
2016.09.16 11:02:34.396,0.73165,0.73185,1.00,1.75
2016.09.16 11:02:34.704,0.7316,0.7318,1.75,1.12
2016.09.16 11:02:35.075,0.73165,0.73185,1.00,1.75
2016.09.16 11:02:37.104,0.7316,0.7318,1.75,1.12
2016.09.16 11:02:40.013,0.73165,0.73185,1.00,1.75
2016.09.16 11:02:40.650,0.73165,0.73184,1.00,1.75
2016.09.16 11:02:43.983,0.73164,0.73184,1.12,1.75
2016.09.16 11:02:44.300,0.73165,0.73184,1.00,1.75
2016.09.16 11:02:47.886,0.73165,0.73185,1.00,1.75
2016.09.16 11:02:50.246,0.73164,0.73186,1.12,2.25
2016.09.16 11:02:50.297,0.73164,0.73181,1.00,1.00
2016.09.16 11:02:52.120,0.73164,0.73186,1.37,2.25
2016.09.16 11:02:52.172,0.73164,0.73186,1.75,1.75
2016.09.16 11:02:52.222,0.73166,0.73184,1.00,1.00
2016.09.16 11:02:52.273,0.73164,0.73186,1.75,1.50
2016.09.16 11:02:52.324,0.7317,0.7319,1.00,3.37
2016.09.16 11:02:52.549,0.7317,0.7319,1.00,5.25
2016.09.16 11:02:52.600,0.7317,0.73189,1.00,2.62
2016.09.16 11:02:52.852,0.73165,0.73185,1.75,1.75
2016.09.16 11:02:54.418,0.7316,0.73185,3.37,1.75
2016.09.16 11:02:54.469,0.7316,0.73185,4.12,1.75
2016.09.16 11:02:54.570,0.7316,0.73185,3.37,1.75
2016.09.16 11:02:54.620,0.73165,0.73189,1.75,3.37
2016.09.16 11:02:55.684,0.73165,0.73189,1.75,2.62
2016.09.16 11:03:00.275,0.73169,0.73189,1.00,2.62
2016.09.16 11:03:00.626,0.7317,0.73189,1.00,2.62
2016.09.16 11:03:02.944,0.7317,0.7319,1.00,1.75
2016.09.16 11:03:03.045,0.7317,0.7319,1.12,1.75
2016.09.16 11:03:03.597,0.73169,0.73191,1.50,1.75
2016.09.16 11:03:04.017,0.73169,0.73191,1.50,2.25
2016.09.16 11:03:04.372,0.73169,0.73189,1.50,1.35
2016.09.16 11:03:04.473,0.73169,0.73189,1.37,1.35
2016.09.16 11:03:04.524,0.73169,0.73189,1.00,1.35
2016.09.16 11:03:04.931,0.7317,0.73189,1.00,1.35
2016.09.16 11:03:05.821,0.7317,0.7319,1.12,1.75
2016.09.16 11:03:06.734,0.73165,0.73185,2.10,1.00
2016.09.16 11:03:06.885,0.7317,0.7319,1.12,1.75
2016.09.16 11:03:06.936,0.73165,0.73189,1.75,1.35
2016.09.16 11:03:07.038,0.73166,0.73185,1.00,1.50
2016.09.16 11:03:07.089,0.73165,0.73185,1.37,1.50
2016.09.16 11:03:07.140,0.73165,0.73181,1.00,1.00
2016.09.16 11:03:07.393,0.73165,0.73188,1.37,2.62
2016.09.16 11:03:07.599,0.73165,0.7319,1.75,1.75
2016.09.16 11:03:07.650,0.73165,0.73189,1.75,1.35
2016.09.16 11:03:07.700,0.73165,0.73185,1.50,1.00
2016.09.16 11:03:07.751,0.73165,0.73189,1.50,3.22
2016.09.16 11:03:07.903,0.73165,0.73188,1.37,2.62
2016.09.16 11:03:07.953,0.73165,0.73181,1.00,1.00
2016.09.16 11:03:08.155,0.73163,0.73181,1.00,1.00
2016.09.16 11:03:08.432,0.73165,0.73181,1.00,1.00
2016.09.16 11:03:08.593,0.73165,0.73188,1.00,3.37
2016.09.16 11:03:08.644,0.73165,0.73188,1.37,3.37
2016.09.16 11:03:08.694,0.73165,0.73188,1.75,3.37
2016.09.16 11:03:08.745,0.73168,0.73186,1.00,1.00
2016.09.16 11:03:09.546,0.7317,0.73186,1.00,1.00
2016.09.16 11:03:10.588,0.73168,0.73186,1.00,1.00
2016.09.16 11:03:11.109,0.73165,0.73188,1.50,2.62
2016.09.16 11:03:11.551,0.7316,0.73185,3.97,1.75
2016.09.16 11:03:11.802,0.73163,0.73181,1.00,1.00
2016.09.16 11:03:12.259,0.73163,0.7318,1.00,1.00
2016.09.16 11:03:12.517,0.7316,0.7318,1.75,1.37
2016.09.16 11:03:12.572,0.7316,0.7318,1.50,1.50
2016.09.16 11:03:12.623,0.7316,0.7318,1.75,1.12
2016.09.16 11:03:12.674,0.73164,0.73185,1.00,2.62
2016.09.16 11:03:12.876,0.73165,0.73185,1.00,3.37
2016.09.16 11:03:12.977,0.73164,0.73185,1.00,2.62
2016.09.16 11:03:13.330,0.73165,0.73185,1.00,3.37
2016.09.16 11:03:13.578,0.7316,0.7318,1.75,1.12
2016.09.16 11:03:15.361,0.73159,0.73181,1.75,1.50
2016.09.16 11:03:15.588,0.7316,0.7318,1.75,1.12
2016.09.16 11:03:15.691,0.73159,0.73181,1.75,1.50
2016.09.16 11:03:15.748,0.7316,0.7318,1.75,1.12
2016.09.16 11:03:17.093,0.73159,0.73181,1.75,1.50
2016.09.16 11:03:17.981,0.73165,0.73185,1.00,4.72
2016.09.16 11:03:18.051,0.7316,0.7318,1.75,1.12
2016.09.16 11:03:18.452,0.73165,0.73184,1.00,1.35
2016.09.16 11:03:18.527,0.7316,0.73184,1.75,1.35
2016.09.16 11:03:18.780,0.7316,0.73185,1.75,1.75
2016.09.16 11:03:18.994,0.73165,0.73187,1.12,3.37
2016.09.16 11:03:19.118,0.73165,0.73187,1.12,4.12
2016.09.16 11:03:19.470,0.73165,0.73187,1.12,3.37
2016.09.16 11:03:19.802,0.7316,0.73185,1.75,1.75
2016.09.16 11:03:20.386,0.73165,0.73186,1.00,2.62
2016.09.16 11:03:20.665,0.7316,0.73185,1.75,1.75
2016.09.16 11:03:20.767,0.73164,0.73187,1.50,3.37
2016.09.16 11:03:21.263,0.7316,0.73185,1.75,1.75
2016.09.16 11:03:21.438,0.73162,0.7318,1.00,1.00
2016.09.16 11:03:21.589,0.73162,0.7318,1.00,1.50
2016.09.16 11:03:25.778,0.73162,0.7318,1.00,1.00
2016.09.16 11:03:27.583,0.73162,0.7318,1.00,1.50
2016.09.16 11:03:30.277,0.73162,0.7318,1.00,1.00
2016.09.16 11:03:31.729,0.73162,0.7318,1.00,1.50
2016.09.16 11:03:32.937,0.73165,0.7318,1.00,1.00
2016.09.16 11:03:33.239,0.73165,0.73186,1.12,1.75
2016.09.16 11:03:33.290,0.73165,0.73186,1.50,1.75
2016.09.16 11:03:33.341,0.73165,0.73186,1.75,1.50
2016.09.16 11:03:33.391,0.73168,0.73186,1.00,1.00
2016.09.16 11:03:33.840,0.7317,0.73186,1.00,1.00
2016.09.16 11:03:35.121,0.73168,0.73186,1.00,1.00
2016.09.16 11:03:35.252,0.7317,0.73186,1.00,1.00
2016.09.16 11:03:35.515,0.73168,0.73186,1.00,1.00
2016.09.16 11:03:35.667,0.73165,0.7319,3.37,1.75
2016.09.16 11:03:37.535,0.73168,0.73187,1.00,1.00
2016.09.16 11:03:37.591,0.73165,0.73189,1.75,2.62
2016.09.16 11:03:37.642,0.73164,0.73186,1.75,1.75
2016.09.16 11:03:37.693,0.73164,0.73186,1.12,1.75
2016.09.16 11:03:37.743,0.73165,0.73188,1.00,2.62
2016.09.16 11:03:37.946,0.7316,0.73185,1.75,1.75
2016.09.16 11:03:38.047,0.73159,0.73186,2.10,1.75
2016.09.16 11:03:38.443,0.7316,0.73185,1.75,1.75
2016.09.16 11:03:38.846,0.73165,0.73188,1.00,2.62
2016.09.16 11:03:39.128,0.73165,0.73188,1.00,3.37
2016.09.16 11:03:39.424,0.73165,0.73188,1.00,2.62
2016.09.16 11:03:40.405,0.73165,0.73189,1.75,1.75
2016.09.16 11:03:40.456,0.73164,0.73191,3.37,1.75
2016.09.16 11:03:40.661,0.73164,0.73191,1.75,1.75
2016.09.16 11:03:40.813,0.73165,0.73191,2.62,1.75
2016.09.16 11:03:40.864,0.73169,0.73192,1.37,1.75
2016.09.16 11:03:41.477,0.73169,0.73193,1.37,2.62
2016.09.16 11:03:42.546,0.73165,0.7319,3.37,1.75
2016.09.16 11:03:45.138,0.73165,0.73191,2.62,1.75
2016.09.16 11:03:45.239,0.73165,0.7319,3.37,1.75
2016.09.16 11:03:45.473,0.73165,0.7319,1.75,3.37
2016.09.16 11:03:45.583,0.73165,0.73185,1.75,1.12
2016.09.16 11:03:47.939,0.73165,0.73189,1.75,1.75
2016.09.16 11:03:48.040,0.73165,0.7319,1.75,3.37
2016.09.16 11:03:48.848,0.73165,0.73185,1.75,1.12
2016.09.16 11:03:49.257,0.73165,0.73185,1.50,1.75
2016.09.16 11:03:50.292,0.73165,0.73185,1.75,1.50
2016.09.16 11:03:50.342,0.73167,0.73185,1.00,1.50
2016.09.16 11:03:51.084,0.73167,0.7318,1.00,1.00
2016.09.16 11:03:51.135,0.7316,0.7318,1.75,1.00
2016.09.16 11:03:51.378,0.7316,0.7318,1.75,1.12
2016.09.16 11:03:51.481,0.73159,0.73181,1.75,1.50
2016.09.16 11:03:51.613,0.73161,0.73179,1.00,1.00
2016.09.16 11:03:51.663,0.73161,0.73179,1.00,1.00
2016.09.16 11:03:51.764,0.73161,0.73179,1.00,1.00
2016.09.16 11:03:52.565,0.73161,0.73175,1.00,1.00
2016.09.16 11:03:52.666,0.73161,0.73179,1.00,1.00
2016.09.16 11:03:54.093,0.7316,0.7318,1.75,1.37
2016.09.16 11:03:54.144,0.7316,0.7318,1.75,1.00
2016.09.16 11:03:54.213,0.73165,0.73185,1.12,2.85
2016.09.16 11:03:55.292,0.73165,0.73185,1.12,2.25
2016.09.16 11:03:55.343,0.73165,0.73184,1.50,1.00
2016.09.16 11:03:55.444,0.73165,0.73185,1.75,1.12
2016.09.16 11:03:57.409,0.73165,0.73184,1.50,1.00
2016.09.16 11:03:58.273,0.7317,0.73184,1.00,1.00
2016.09.16 11:03:58.323,0.7317,0.73189,1.00,1.75
2016.09.16 11:03:58.581,0.7317,0.73193,1.50,2.10
2016.09.16 11:03:59.085,0.7317,0.73193,1.50,1.35
2016.09.16 11:04:00.805,0.7317,0.73194,1.50,3.37
2016.09.16 11:04:00.906,0.73169,0.73194,1.75,3.37
2016.09.16 11:04:01.109,0.73172,0.7319,1.00,1.00
2016.09.16 11:04:04.552,0.73172,0.7319,1.00,1.50
2016.09.16 11:04:04.668,0.7317,0.7319,1.37,1.50
2016.09.16 11:04:04.770,0.7317,0.73187,1.00,1.00
2016.09.16 11:04:05.403,0.7317,0.7319,1.00,1.75
2016.09.16 11:04:05.453,0.7317,0.7319,1.00,3.37
2016.09.16 11:04:07.451,0.7317,0.73189,1.00,2.62
2016.09.16 11:04:08.215,0.7317,0.7319,1.00,1.75
2016.09.16 11:04:09.904,0.73169,0.73191,1.00,3.37
2016.09.16 11:04:10.025,0.7317,0.7319,1.00,1.75
2016.09.16 11:04:10.246,0.7317,0.7319,1.12,1.75
2016.09.16 11:04:10.607,0.73175,0.73189,1.00,1.00
2016.09.16 11:04:10.658,0.73175,0.73195,1.00,4.72
2016.09.16 11:04:10.759,0.73175,0.7319,1.00,1.00
2016.09.16 11:04:12.258,0.73175,0.73195,1.00,1.75
2016.09.16 11:04:12.504,0.73175,0.73195,1.12,1.75
2016.09.16 11:04:12.922,0.73175,0.73193,1.12,1.67
2016.09.16 11:04:12.972,0.73174,0.73193,1.50,1.67
2016.09.16 11:04:13.073,0.73169,0.73191,3.00,1.37
2016.09.16 11:04:13.124,0.73169,0.73191,3.00,1.87
2016.09.16 11:04:13.174,0.73169,0.73187,1.00,1.00
2016.09.16 11:04:13.386,0.73168,0.73186,1.00,1.00
2016.09.16 11:04:13.537,0.7317,0.73187,1.00,1.00
2016.09.16 11:04:14.238,0.73168,0.73185,1.00,1.00
2016.09.16 11:04:14.835,0.7317,0.73187,1.00,1.00
2016.09.16 11:04:17.159,0.7317,0.73189,1.00,1.75
2016.09.16 11:04:18.657,0.73169,0.73191,1.00,4.12
2016.09.16 11:04:18.938,0.7317,0.7319,1.00,1.75
2016.09.16 11:04:19.229,0.73165,0.73185,1.75,1.50
2016.09.16 11:04:28.779,0.7317,0.7319,1.00,2.25
2016.09.16 11:04:29.485,0.73169,0.7319,1.00,1.75
2016.09.16 11:04:29.600,0.7317,0.7319,1.00,2.25
2016.09.16 11:04:30.474,0.7317,0.7319,1.00,1.75
2016.09.16 11:04:31.034,0.7317,0.73189,1.00,1.75
2016.09.16 11:04:34.182,0.7317,0.7319,1.00,1.75
2016.09.16 11:04:37.208,0.7317,0.73184,1.00,1.00
2016.09.16 11:04:37.309,0.7317,0.7319,1.00,3.37
2016.09.16 11:04:38.104,0.73165,0.73185,1.75,1.75
2016.09.16 11:04:38.306,0.73169,0.7319,1.00,2.62
2016.09.16 11:04:38.718,0.73169,0.73191,1.12,3.37
2016.09.16 11:04:39.063,0.7317,0.7319,1.00,1.75
2016.09.16 11:04:41.774,0.73175,0.73191,1.00,2.62
2016.09.16 11:04:41.977,0.7317,0.7319,1.00,1.75
2016.09.16 11:04:42.027,0.7317,0.7319,1.12,1.75
2016.09.16 11:04:42.078,0.73174,0.73192,1.00,4.50
2016.09.16 11:04:42.128,0.73174,0.73191,1.00,2.62
2016.09.16 11:04:42.395,0.7317,0.7319,1.00,3.37
2016.09.16 11:04:42.497,0.73168,0.73186,1.00,1.50
2016.09.16 11:04:43.170,0.73165,0.73185,2.10,1.75
2016.09.16 11:04:43.275,0.73165,0.73186,1.67,1.75
2016.09.16 11:04:43.578,0.73165,0.73185,2.10,1.75
2016.09.16 11:04:44.953,0.73165,0.73186,1.67,1.75
2016.09.16 11:04:45.661,0.73164,0.73186,1.75,1.75
2016.09.16 11:04:45.935,0.73165,0.73185,1.50,1.75
2016.09.16 11:04:45.986,0.73165,0.7318,1.00,1.00
2016.09.16 11:04:47.004,0.73164,0.7318,1.00,1.00
2016.09.16 11:04:48.078,0.73164,0.73186,1.00,1.75
2016.09.16 11:04:48.593,0.73165,0.73185,1.00,1.75
2016.09.16 11:04:49.401,0.73164,0.73186,1.12,3.37
2016.09.16 11:04:52.805,0.73165,0.73185,1.00,1.75
2016.09.16 11:04:56.312,0.73164,0.73186,1.12,3.37
2016.09.16 11:04:56.464,0.73165,0.73185,1.00,1.75
2016.09.16 11:04:56.515,0.73165,0.73185,1.72,1.50
2016.09.16 11:04:56.566,0.73165,0.73185,2.10,1.12
2016.09.16 11:04:56.617,0.7317,0.7319,1.00,4.12
2016.09.16 11:04:56.886,0.73165,0.73185,1.75,1.12
2016.09.16 11:04:56.987,0.7317,0.7319,1.00,4.12
2016.09.16 11:04:57.510,0.73169,0.7319,1.00,3.37
2016.09.16 11:04:57.621,0.7317,0.7319,1.00,4.12
2016.09.16 11:04:57.672,0.7317,0.7319,1.00,3.37
2016.09.16 11:04:58.212,0.73169,0.7319,1.00,2.62
2016.09.16 11:04:58.420,0.7317,0.7319,1.00,3.37
2016.09.16 11:04:58.521,0.73169,0.7319,1.00,2.62
2016.09.16 11:04:58.612,0.7317,0.7319,1.00,3.37
2016.09.16 11:04:58.899,0.73169,0.73191,1.37,2.25
2016.09.16 11:04:58.952,0.73169,0.73191,1.00,4.12
2016.09.16 11:04:59.052,0.7317,0.7319,1.00,1.75
2016.09.16 11:04:59.254,0.7317,0.7319,1.00,1.50
2016.09.16 11:04:59.355,0.73175,0.73193,1.00,2.25
2016.09.16 11:04:59.531,0.73169,0.73191,1.50,1.75
2016.09.16 11:04:59.583,0.73169,0.73191,1.37,3.37
2016.09.16 11:04:59.633,0.73164,0.7319,2.10,2.62
2016.09.16 11:04:59.734,0.73165,0.7319,1.75,4.12
2016.09.16 11:04:59.785,0.73165,0.73188,1.37,2.62
2016.09.16 11:05:00.019,0.73164,0.73191,2.10,3.37
2016.09.16 11:05:00.452,0.73169,0.73191,1.50,2.62
2016.09.16 11:05:00.629,0.73165,0.7319,1.75,1.75
2016.09.16 11:05:00.850,0.7317,0.73193,1.50,2.62
2016.09.16 11:05:00.951,0.73164,0.73191,5.85,1.50
2016.09.16 11:05:01.052,0.7317,0.73194,1.50,2.62
2016.09.16 11:05:01.245,0.7317,0.73194,1.50,5.25
2016.09.16 11:05:01.365,0.7317,0.73193,1.50,2.62
2016.09.16 11:05:01.619,0.7317,0.73193,1.50,3.37
2016.09.16 11:05:02.241,0.73165,0.7319,1.75,1.75
2016.09.16 11:05:02.954,0.73165,0.7319,1.75,3.37
2016.09.16 11:05:04.643,0.73169,0.7319,1.00,2.62
2016.09.16 11:05:04.694,0.73169,0.7319,1.00,5.25
2016.09.16 11:05:04.745,0.73169,0.73184,1.00,1.00
2016.09.16 11:05:05.009,0.73165,0.73184,1.50,1.00
2016.09.16 11:05:05.161,0.73165,0.73184,1.00,1.00
2016.09.16 11:05:05.326,0.73165,0.73184,1.50,1.00
2016.09.16 11:05:05.627,0.73165,0.73184,1.00,1.00
2016.09.16 11:05:05.819,0.73165,0.73184,1.50,1.00
2016.09.16 11:05:05.970,0.73165,0.73184,1.00,1.00
2016.09.16 11:05:10.001,0.73164,0.7319,1.75,3.37
2016.09.16 11:05:10.052,0.73162,0.73185,2.62,1.50
2016.09.16 11:05:10.103,0.73162,0.73184,2.62,1.00
2016.09.16 11:05:10.153,0.7316,0.73185,3.37,1.75
2016.09.16 11:05:10.259,0.73165,0.73189,1.50,2.62
2016.09.16 11:05:10.779,0.73165,0.73188,1.50,1.75
2016.09.16 11:05:10.839,0.73165,0.73189,1.50,3.37
2016.09.16 11:05:12.264,0.73164,0.73189,1.75,3.37
2016.09.16 11:05:12.435,0.73165,0.73189,1.50,3.37
2016.09.16 11:05:13.631,0.73165,0.73189,1.50,2.62
2016.09.16 11:05:14.484,0.7317,0.73189,1.00,2.62
2016.09.16 11:05:14.821,0.7317,0.73189,1.00,3.37
2016.09.16 11:05:17.322,0.7317,0.73189,1.00,1.75
2016.09.16 11:05:17.372,0.7317,0.73189,1.00,3.37
2016.09.16 11:05:17.473,0.73169,0.73189,1.00,3.37
2016.09.16 11:05:17.578,0.73169,0.73184,1.00,1.00
2016.09.16 11:05:17.628,0.73169,0.73189,1.00,1.75
2016.09.16 11:05:17.679,0.73169,0.73189,1.00,3.37
2016.09.16 11:05:17.881,0.73169,0.73189,1.00,1.75
2016.09.16 11:05:17.931,0.73169,0.73185,1.00,1.00
2016.09.16 11:05:18.480,0.73169,0.7319,1.12,1.75
2016.09.16 11:05:18.960,0.7317,0.7319,1.00,2.25
2016.09.16 11:05:19.347,0.7317,0.7319,1.00,1.75
2016.09.16 11:05:19.401,0.7317,0.7319,1.50,1.75
2016.09.16 11:05:19.503,0.7317,0.7319,1.00,1.75
2016.09.16 11:05:22.684,0.7317,0.73187,1.37,1.00
2016.09.16 11:05:22.884,0.7317,0.7319,1.50,1.75
2016.09.16 11:05:27.330,0.7317,0.7319,1.00,1.75
2016.09.16 11:05:28.663,0.73169,0.73191,1.12,1.75
2016.09.16 11:05:28.974,0.73169,0.73191,1.75,1.75
2016.09.16 11:05:33.691,0.7317,0.7319,1.50,1.75
2016.09.16 11:05:34.077,0.73165,0.73186,3.22,1.00
2016.09.16 11:05:34.178,0.7317,0.7319,1.50,1.75
2016.09.16 11:05:34.392,0.7317,0.73187,1.00,1.00
2016.09.16 11:05:34.680,0.73168,0.73185,1.00,1.00
2016.09.16 11:05:34.832,0.73165,0.73185,1.75,1.50
2016.09.16 11:05:35.114,0.73164,0.73186,1.75,1.75
2016.09.16 11:05:36.003,0.73165,0.73185,1.75,1.50
2016.09.16 11:05:36.053,0.73165,0.73181,1.00,1.00
2016.09.16 11:05:36.104,0.73163,0.73181,1.00,1.00
2016.09.16 11:05:36.205,0.73163,0.7318,1.00,1.00
2016.09.16 11:05:36.457,0.7316,0.7318,3.37,1.00
2016.09.16 11:05:36.608,0.73165,0.73185,1.50,1.75
2016.09.16 11:05:36.793,0.7316,0.73186,2.62,1.75
2016.09.16 11:05:36.845,0.73159,0.73186,1.75,3.37
2016.09.16 11:05:36.951,0.73159,0.73185,1.75,2.62
2016.09.16 11:05:37.204,0.7316,0.73185,1.75,3.37
2016.09.16 11:05:37.305,0.73165,0.73185,1.00,2.62
2016.09.16 11:05:37.668,0.73165,0.73185,1.00,1.75
2016.09.16 11:05:37.769,0.73165,0.73184,1.00,2.62
2016.09.16 11:05:37.870,0.7316,0.7318,1.50,1.37
2016.09.16 11:05:38.021,0.7316,0.7318,1.12,1.75
2016.09.16 11:05:38.895,0.7316,0.73182,1.12,3.37
2016.09.16 11:05:39.070,0.7316,0.7318,1.12,1.75
2016.09.16 11:05:42.375,0.73159,0.73181,2.10,1.75
2016.09.16 11:05:43.304,0.7316,0.7318,1.12,1.75
2016.09.16 11:05:46.269,0.7316,0.7318,1.75,1.75
2016.09.16 11:05:47.623,0.73159,0.73181,2.10,1.75
2016.09.16 11:05:48.982,0.7316,0.7318,1.75,1.75
2016.09.16 11:05:49.831,0.73165,0.73182,1.00,1.75
2016.09.16 11:05:50.058,0.73165,0.73184,1.00,3.37
2016.09.16 11:05:53.987,0.7316,0.7318,1.75,1.75
2016.09.16 11:05:54.900,0.73165,0.73184,1.00,3.37
2016.09.16 11:05:57.500,0.7316,0.7318,1.75,1.75
2016.09.16 11:05:58.541,0.73159,0.73181,2.10,1.75
2016.09.16 11:05:58.642,0.7316,0.7318,1.75,1.75
2016.09.16 11:05:59.235,0.73159,0.73181,2.10,1.75
2016.09.16 11:06:02.420,0.7316,0.7318,1.75,1.75
2016.09.16 11:06:02.866,0.73162,0.7318,1.30,1.75
2016.09.16 11:06:03.511,0.73165,0.73184,1.00,2.62
2016.09.16 11:06:04.047,0.73164,0.73184,1.00,2.62
2016.09.16 11:06:04.148,0.73165,0.73184,1.00,2.62
2016.09.16 11:06:04.249,0.73165,0.73184,1.00,2.62
2016.09.16 11:06:04.550,0.7316,0.73184,2.10,2.62
2016.09.16 11:06:05.229,0.73165,0.73184,1.00,2.62
2016.09.16 11:06:05.601,0.73163,0.73182,1.00,1.00
2016.09.16 11:06:05.652,0.73165,0.73182,1.00,1.00
2016.09.16 11:06:06.531,0.73163,0.73182,1.00,1.00
2016.09.16 11:06:06.835,0.73165,0.73182,1.00,1.00
2016.09.16 11:06:08.136,0.73163,0.73182,1.00,1.00
2016.09.16 11:06:09.411,0.73165,0.73182,1.00,1.00
2016.09.16 11:06:11.714,0.73163,0.73182,1.00,1.00
2016.09.16 11:06:12.512,0.7316,0.73185,2.10,3.37
2016.09.16 11:06:12.562,0.7316,0.73185,2.10,4.12
2016.09.16 11:06:13.252,0.73165,0.73185,1.00,3.37
2016.09.16 11:06:16.371,0.73165,0.73185,1.00,2.62
2016.09.16 11:06:16.821,0.73165,0.73187,1.00,2.62
2016.09.16 11:06:17.057,0.73164,0.73189,2.10,2.62
2016.09.16 11:06:17.161,0.73165,0.73189,1.50,2.62
2016.09.16 11:06:17.622,0.7317,0.73189,1.00,2.62
2016.09.16 11:06:17.826,0.73165,0.73189,1.50,2.62
2016.09.16 11:06:19.123,0.73164,0.73189,2.10,2.62
2016.09.16 11:06:19.525,0.73165,0.73189,1.50,2.62
2016.09.16 11:06:20.017,0.73169,0.73189,1.00,2.62
2016.09.16 11:06:20.470,0.73165,0.73189,1.50,2.62
2016.09.16 11:06:20.525,0.7317,0.73189,1.00,2.62
2016.09.16 11:06:21.026,0.73165,0.73189,1.50,2.62
2016.09.16 11:06:21.601,0.73165,0.7319,1.50,2.25
2016.09.16 11:06:21.651,0.73165,0.7319,1.50,1.75
2016.09.16 11:06:24.580,0.73165,0.7319,1.50,2.25
2016.09.16 11:06:24.732,0.73165,0.73189,1.50,2.62
2016.09.16 11:06:25.431,0.73164,0.73189,2.10,2.62
2016.09.16 11:06:25.554,0.73165,0.73189,1.50,2.62
2016.09.16 11:06:25.814,0.7317,0.7319,1.00,2.62
2016.09.16 11:06:25.868,0.7317,0.7319,1.00,3.37
2016.09.16 11:06:26.087,0.7317,0.7319,1.00,2.62
2016.09.16 11:06:26.137,0.7317,0.73192,1.12,2.62
2016.09.16 11:06:26.238,0.7317,0.73195,1.75,1.75
2016.09.16 11:06:26.491,0.73174,0.73196,1.00,3.37
2016.09.16 11:06:26.666,0.73175,0.73195,1.12,1.75
2016.09.16 11:06:27.188,0.7318,0.73198,1.00,2.62
2016.09.16 11:06:27.783,0.7318,0.73198,1.00,3.37
2016.09.16 11:06:27.841,0.7318,0.73197,1.00,1.35
2016.09.16 11:06:27.892,0.73174,0.73196,1.50,1.75
2016.09.16 11:06:27.943,0.73174,0.73195,1.12,1.35
2016.09.16 11:06:27.993,0.73175,0.73195,1.00,2.10
2016.09.16 11:06:28.128,0.73175,0.73195,1.00,3.97
2016.09.16 11:06:30.897,0.73175,0.73195,1.00,4.72
2016.09.16 11:06:31.499,0.73175,0.73195,1.00,3.97
2016.09.16 11:06:32.518,0.73175,0.73195,1.00,1.75
2016.09.16 11:06:32.853,0.73174,0.73196,1.12,4.87
2016.09.16 11:06:33.553,0.73175,0.73195,1.00,1.75
2016.09.16 11:06:38.516,0.73175,0.73194,1.00,1.75
2016.09.16 11:06:39.429,0.73175,0.73194,1.00,3.37
2016.09.16 11:06:39.631,0.73175,0.73194,1.00,1.75
2016.09.16 11:06:40.577,0.73174,0.73194,1.00,1.75
2016.09.16 11:06:40.648,0.73174,0.73195,1.00,2.62
2016.09.16 11:06:43.036,0.73174,0.73196,1.12,3.37
2016.09.16 11:06:43.239,0.73175,0.73195,1.00,1.75
2016.09.16 11:06:52.231,0.73171,0.73191,1.35,1.12
2016.09.16 11:06:52.518,0.73175,0.73195,1.00,1.75
2016.09.16 11:06:52.620,0.73174,0.73196,1.12,1.75
2016.09.16 11:06:53.610,0.73175,0.73195,1.00,1.75
2016.09.16 11:06:55.828,0.73174,0.73196,1.12,1.75
2016.09.16 11:06:57.385,0.73175,0.73195,1.00,1.75
2016.09.16 11:06:58.087,0.73174,0.73196,1.12,1.75
2016.09.16 11:06:58.188,0.73174,0.73192,1.50,1.00
2016.09.16 11:06:58.390,0.73174,0.73196,1.75,1.75
2016.09.16 11:06:58.660,0.73175,0.73195,1.50,1.75
2016.09.16 11:06:58.811,0.73175,0.73195,1.75,1.12
2016.09.16 11:06:59.288,0.7318,0.732,1.00,2.85
2016.09.16 11:06:59.386,0.73175,0.73195,1.75,1.12
2016.09.16 11:06:59.789,0.73179,0.732,1.00,2.10
2016.09.16 11:07:00.634,0.73175,0.73195,1.75,1.12
2016.09.16 11:07:01.908,0.73175,0.73195,1.50,1.75
2016.09.16 11:07:03.479,0.73175,0.73195,1.75,1.12
2016.09.16 11:07:03.630,0.73179,0.732,1.00,1.75
2016.09.16 11:07:03.956,0.73179,0.73201,1.00,4.12
2016.09.16 11:07:04.505,0.73174,0.73201,2.10,4.12
2016.09.16 11:07:06.701,0.73175,0.732,1.75,1.75
2016.09.16 11:07:07.328,0.73174,0.73201,2.10,4.12
2016.09.16 11:07:07.516,0.73174,0.732,2.10,1.75
2016.09.16 11:07:07.617,0.73174,0.732,1.75,1.75
2016.09.16 11:07:07.819,0.73175,0.732,1.75,2.25
2016.09.16 11:07:07.920,0.73175,0.732,1.75,4.12
2016.09.16 11:07:09.270,0.73175,0.732,1.75,4.87
2016.09.16 11:07:09.424,0.73175,0.732,1.75,4.12
2016.09.16 11:07:09.475,0.73175,0.73195,1.75,1.75
2016.09.16 11:07:09.926,0.73175,0.732,1.75,4.87
2016.09.16 11:07:10.508,0.73175,0.732,1.75,4.12
2016.09.16 11:07:13.704,0.73175,0.732,1.75,4.87
2016.09.16 11:07:13.780,0.73175,0.73199,1.75,1.75
2016.09.16 11:07:15.353,0.73171,0.73195,3.22,1.75
2016.09.16 11:07:20.811,0.73175,0.73199,1.75,1.75
2016.09.16 11:07:21.158,0.73175,0.73195,1.75,1.75
2016.09.16 11:07:21.209,0.73177,0.73195,1.00,1.37
2016.09.16 11:07:21.259,0.73175,0.73195,1.75,1.12
2016.09.16 11:07:24.617,0.7318,0.732,1.00,2.10
2016.09.16 11:07:25.217,0.7318,0.732,1.12,2.10
2016.09.16 11:07:25.267,0.7318,0.732,1.50,2.10
2016.09.16 11:07:28.827,0.7318,0.732,1.00,2.10
2016.09.16 11:07:28.928,0.7318,0.732,1.50,2.10
2016.09.16 11:07:33.326,0.73179,0.732,1.75,1.35
2016.09.16 11:07:34.021,0.73179,0.732,1.75,1.67
2016.09.16 11:07:34.071,0.73179,0.73201,1.75,1.75
2016.09.16 11:07:35.413,0.7318,0.732,1.75,1.50
2016.09.16 11:07:37.225,0.7318,0.732,1.50,1.75
2016.09.16 11:07:39.252,0.73179,0.73201,1.75,1.75
2016.09.16 11:07:39.353,0.7318,0.732,1.50,1.75
2016.09.16 11:07:40.933,0.7318,0.732,1.75,1.50
2016.09.16 11:07:47.177,0.73181,0.732,1.00,1.50
2016.09.16 11:07:47.278,0.7318,0.732,1.50,1.75
2016.09.16 11:07:48.568,0.73175,0.73195,1.75,1.00
2016.09.16 11:07:49.029,0.73179,0.73201,1.75,1.75
2016.09.16 11:07:49.642,0.7318,0.732,1.75,1.50
2016.09.16 11:07:50.531,0.73176,0.73195,2.62,1.00
2016.09.16 11:07:50.632,0.7318,0.732,1.75,1.50
2016.09.16 11:07:50.683,0.73181,0.732,1.00,1.50
2016.09.16 11:07:50.784,0.7318,0.732,1.50,1.75
2016.09.16 11:07:52.189,0.7318,0.732,1.12,1.75
2016.09.16 11:07:52.291,0.7318,0.732,1.00,1.75
2016.09.16 11:07:58.730,0.73179,0.73201,1.00,1.75
2016.09.16 11:08:00.039,0.7318,0.732,1.00,1.75
2016.09.16 11:08:04.546,0.73175,0.73195,1.75,1.00
2016.09.16 11:08:05.062,0.73179,0.73201,1.00,1.75
2016.09.16 11:08:07.248,0.7318,0.732,1.00,1.75
2016.09.16 11:08:07.778,0.73179,0.73201,1.00,1.75
2016.09.16 11:08:08.312,0.7318,0.732,1.00,1.75
2016.09.16 11:08:10.081,0.73175,0.73195,1.75,1.00
2016.09.16 11:08:10.132,0.73175,0.73195,1.75,1.37
2016.09.16 11:08:10.751,0.7318,0.732,1.00,3.37
2016.09.16 11:08:11.954,0.7318,0.732,1.00,1.75
2016.09.16 11:08:14.327,0.7318,0.732,1.00,3.37
2016.09.16 11:08:14.757,0.73175,0.73195,1.75,1.50
2016.09.16 11:08:14.807,0.73175,0.73194,1.37,1.00
2016.09.16 11:08:14.858,0.73175,0.73195,1.00,1.75
2016.09.16 11:08:15.153,0.73175,0.73195,1.75,1.50
2016.09.16 11:08:15.258,0.7318,0.73199,1.00,2.62
2016.09.16 11:08:21.680,0.73175,0.73195,2.10,1.50
2016.09.16 11:08:27.722,0.7318,0.73199,1.00,2.62
2016.09.16 11:08:34.878,0.73175,0.73195,2.10,1.50
2016.09.16 11:08:36.437,0.7318,0.73199,1.00,2.62
2016.09.16 11:08:36.489,0.7318,0.732,1.00,1.75
2016.09.16 11:08:36.691,0.7318,0.732,1.12,1.75
2016.09.16 11:08:37.083,0.73179,0.73201,1.50,1.75
2016.09.16 11:08:38.786,0.7318,0.732,1.12,1.75
2016.09.16 11:08:40.651,0.7318,0.732,1.00,1.75
2016.09.16 11:08:43.396,0.73179,0.73201,1.12,1.75
2016.09.16 11:08:47.407,0.73175,0.73195,2.10,1.12
2016.09.16 11:08:47.710,0.7318,0.732,1.00,1.75
2016.09.16 11:08:48.008,0.73175,0.73196,1.35,1.50
2016.09.16 11:08:48.197,0.7318,0.732,1.00,1.75
2016.09.16 11:08:50.415,0.73175,0.73195,2.10,1.12
2016.09.16 11:08:55.828,0.7318,0.732,1.00,1.75
2016.09.16 11:08:56.032,0.7318,0.732,1.50,1.75
2016.09.16 11:08:56.994,0.7318,0.732,1.75,1.37
2016.09.16 11:08:57.845,0.73185,0.73201,1.00,1.00
2016.09.16 11:08:57.895,0.73185,0.73205,1.00,1.75
2016.09.16 11:08:58.097,0.73185,0.73202,1.37,1.00
2016.09.16 11:08:58.198,0.73185,0.73205,1.37,1.75
2016.09.16 11:09:02.975,0.73184,0.73206,1.50,1.75
2016.09.16 11:09:03.552,0.73185,0.73205,1.37,1.75
2016.09.16 11:09:04.896,0.73186,0.73205,1.00,1.50
2016.09.16 11:09:04.946,0.73185,0.73205,1.75,1.50
2016.09.16 11:09:06.258,0.7319,0.7321,1.00,4.12
2016.09.16 11:09:06.359,0.7319,0.7321,1.00,3.37
2016.09.16 11:09:06.568,0.7319,0.7321,1.00,1.75
2016.09.16 11:09:06.619,0.73185,0.73205,1.75,1.12
2016.09.16 11:09:06.770,0.7319,0.7321,1.00,1.75
2016.09.16 11:09:07.467,0.7319,0.7321,1.12,1.75
2016.09.16 11:09:13.033,0.73189,0.73211,1.50,1.75
2016.09.16 11:09:13.183,0.73185,0.73205,1.75,1.00
2016.09.16 11:09:13.284,0.7319,0.7321,1.12,1.75
2016.09.16 11:09:15.657,0.73185,0.73205,1.75,1.00
2016.09.16 11:09:19.364,0.7319,0.7321,1.12,1.75
2016.09.16 11:09:19.498,0.73185,0.73205,1.75,1.00
2016.09.16 11:09:21.182,0.73184,0.73206,3.37,1.00
2016.09.16 11:09:23.467,0.73185,0.73205,1.75,1.00
2016.09.16 11:09:27.372,0.73182,0.73205,1.75,1.75
2016.09.16 11:09:27.423,0.7318,0.73205,1.75,1.75
2016.09.16 11:09:27.606,0.7318,0.73205,1.75,3.37
2016.09.16 11:09:27.657,0.7318,0.732,1.75,1.50
2016.09.16 11:09:32.169,0.7318,0.732,2.10,1.50
2016.09.16 11:09:34.243,0.7318,0.732,1.72,1.75
2016.09.16 11:09:35.699,0.7318,0.732,1.12,1.75
2016.09.16 11:09:36.283,0.73179,0.73201,1.50,1.75
2016.09.16 11:09:36.384,0.73179,0.73201,1.12,3.37
2016.09.16 11:09:36.601,0.7318,0.732,1.00,1.75
2016.09.16 11:09:36.881,0.7318,0.732,1.00,3.37
2016.09.16 11:09:40.053,0.73179,0.732,1.00,2.62
2016.09.16 11:09:40.832,0.7318,0.732,1.00,3.37
2016.09.16 11:09:46.011,0.7318,0.732,1.00,1.75
2016.09.16 11:09:46.793,0.73179,0.73201,1.12,3.37
2016.09.16 11:09:48.221,0.7318,0.732,1.00,1.75
2016.09.16 11:09:50.338,0.73179,0.73201,1.12,3.37
2016.09.16 11:09:51.830,0.7318,0.732,1.00,1.75
2016.09.16 11:09:55.997,0.7318,0.732,1.12,1.75
2016.09.16 11:09:56.427,0.73179,0.73201,1.50,1.75
2016.09.16 11:10:00.318,0.7318,0.732,1.12,1.75
2016.09.16 11:10:00.719,0.73179,0.73201,1.50,1.75
2016.09.16 11:10:01.068,0.73179,0.73201,1.12,1.75
2016.09.16 11:10:01.124,0.73175,0.73195,2.10,1.12
2016.09.16 11:10:01.174,0.73175,0.73195,1.75,1.12
2016.09.16 11:10:01.225,0.73174,0.73196,1.75,1.50
2016.09.16 11:10:01.276,0.73174,0.73195,1.75,1.37
2016.09.16 11:10:01.327,0.73172,0.73195,1.35,1.75
2016.09.16 11:10:01.378,0.7317,0.73195,4.87,1.75
2016.09.16 11:10:01.428,0.7317,0.73195,3.37,1.75
2016.09.16 11:10:01.614,0.73174,0.73199,1.75,2.62
2016.09.16 11:10:01.815,0.73174,0.732,1.75,3.97
2016.09.16 11:10:02.897,0.73174,0.732,1.75,4.72
2016.09.16 11:10:03.468,0.73174,0.732,1.75,2.85
2016.09.16 11:10:03.519,0.73175,0.732,1.75,3.60
2016.09.16 11:10:03.806,0.73177,0.73195,1.00,1.00
2016.09.16 11:10:04.118,0.73177,0.73195,1.00,1.50
2016.09.16 11:10:04.918,0.73177,0.73195,1.00,1.00
2016.09.16 11:10:17.183,0.73175,0.73199,1.75,3.37
2016.09.16 11:10:17.234,0.73175,0.73199,1.50,3.37
2016.09.16 11:10:20.604,0.73175,0.73199,1.50,1.75
2016.09.16 11:10:20.654,0.73175,0.73199,1.75,1.75
2016.09.16 11:10:24.478,0.73174,0.73199,1.75,1.75
2016.09.16 11:10:24.606,0.73177,0.73199,1.00,3.37
2016.09.16 11:10:24.657,0.73174,0.73199,1.75,3.37
2016.09.16 11:10:25.554,0.73174,0.73199,1.75,1.75
2016.09.16 11:10:25.605,0.73175,0.73199,1.75,1.75
2016.09.16 11:10:25.655,0.73174,0.73199,1.75,1.75
2016.09.16 11:10:26.855,0.73175,0.73199,1.75,1.75
2016.09.16 11:10:29.764,0.7318,0.73199,1.00,1.75
2016.09.16 11:10:29.866,0.7318,0.732,1.00,3.37
2016.09.16 11:10:30.868,0.7318,0.73199,1.00,1.75
2016.09.16 11:10:33.101,0.73179,0.73199,1.00,1.75
2016.09.16 11:10:33.537,0.73179,0.732,1.00,3.37
2016.09.16 11:10:35.785,0.7318,0.732,1.00,4.12
2016.09.16 11:10:35.969,0.73175,0.73195,1.75,1.12
2016.09.16 11:10:36.656,0.7318,0.732,1.00,4.12
2016.09.16 11:10:42.487,0.7318,0.73199,1.00,1.75
2016.09.16 11:10:42.588,0.7318,0.73198,1.00,2.62
2016.09.16 11:10:42.689,0.7318,0.73199,1.00,3.37
2016.09.16 11:10:43.835,0.7318,0.73199,1.00,4.12
2016.09.16 11:10:45.003,0.7318,0.73199,1.00,3.37
2016.09.16 11:10:46.252,0.7318,0.732,1.00,4.12
2016.09.16 11:10:46.302,0.7318,0.732,1.00,2.25
2016.09.16 11:10:46.595,0.73179,0.732,1.12,1.75
2016.09.16 11:10:48.169,0.7318,0.732,1.00,2.25
2016.09.16 11:10:48.571,0.73179,0.732,1.12,1.75
2016.09.16 11:10:49.571,0.73179,0.732,1.00,3.37
2016.09.16 11:10:50.171,0.7318,0.732,1.00,4.12
2016.09.16 11:10:56.591,0.73179,0.732,1.00,3.37
2016.09.16 11:10:56.641,0.73179,0.732,1.00,4.12
2016.09.16 11:10:57.295,0.73175,0.73195,1.75,1.50
2016.09.16 11:11:00.013,0.73174,0.73196,1.75,1.75
2016.09.16 11:11:01.285,0.73175,0.73195,1.75,1.50
2016.09.16 11:11:03.487,0.73179,0.73198,1.00,1.75
2016.09.16 11:11:04.005,0.73179,0.73199,1.00,1.75
2016.09.16 11:11:04.819,0.73175,0.73195,1.75,1.50
2016.09.16 11:11:05.075,0.7318,0.73199,1.00,1.75
2016.09.16 11:11:05.290,0.73174,0.73196,1.75,1.75
2016.09.16 11:11:05.731,0.7318,0.73199,1.00,1.75
2016.09.16 11:11:06.623,0.7318,0.73194,1.00,1.00
2016.09.16 11:11:06.724,0.7318,0.73199,1.00,3.37
2016.09.16 11:11:07.729,0.7318,0.73196,1.00,1.00
2016.09.16 11:11:09.636,0.73177,0.73195,1.00,1.00
2016.09.16 11:11:09.737,0.73175,0.73195,1.75,1.37
2016.09.16 11:11:09.838,0.73176,0.73194,1.00,1.00
2016.09.16 11:11:10.047,0.73179,0.73194,1.00,1.00
2016.09.16 11:11:12.533,0.73176,0.73194,1.00,1.00
2016.09.16 11:11:13.144,0.7318,0.73194,1.00,1.00
2016.09.16 11:11:13.245,0.7318,0.73199,1.00,1.75
2016.09.16 11:11:13.296,0.7318,0.732,1.00,4.12
2016.09.16 11:11:13.596,0.73175,0.73195,1.75,1.12
2016.09.16 11:11:14.146,0.73175,0.73195,1.50,1.50
2016.09.16 11:11:26.697,0.73175,0.73195,1.37,1.75
2016.09.16 11:11:26.748,0.73175,0.73195,1.12,1.75
2016.09.16 11:11:29.235,0.7317,0.7319,1.75,1.00
2016.09.16 11:11:29.386,0.7317,0.7319,1.75,1.12
2016.09.16 11:11:29.487,0.7317,0.7319,1.37,1.50
2016.09.16 11:11:29.588,0.7317,0.7319,1.12,1.75
2016.09.16 11:11:39.274,0.73165,0.7319,1.75,1.75
2016.09.16 11:11:41.963,0.7317,0.73193,1.12,3.37
2016.09.16 11:11:42.174,0.73165,0.7319,1.75,1.75
2016.09.16 11:11:42.425,0.7317,0.7319,1.00,1.50
2016.09.16 11:11:42.476,0.73165,0.7319,3.37,1.50
2016.09.16 11:11:42.614,0.73165,0.7319,3.37,1.75
2016.09.16 11:11:42.715,0.73165,0.7319,1.75,1.75
2016.09.16 11:11:43.462,0.73164,0.73191,3.37,1.75
2016.09.16 11:11:43.962,0.7317,0.73193,1.12,3.37
2016.09.16 11:11:44.719,0.73165,0.7319,1.75,1.75
2016.09.16 11:11:44.839,0.7317,0.73193,1.12,3.37
2016.09.16 11:11:45.941,0.73165,0.7319,1.75,1.75
2016.09.16 11:11:46.042,0.7317,0.7319,1.12,1.75
2016.09.16 11:11:54.154,0.73165,0.73185,1.75,1.00
2016.09.16 11:11:54.356,0.73165,0.73185,1.75,1.12
2016.09.16 11:11:54.407,0.73167,0.73185,1.00,1.50
2016.09.16 11:11:55.156,0.73169,0.73185,1.00,1.00
2016.09.16 11:11:56.275,0.73167,0.73185,1.00,1.50
2016.09.16 11:11:56.376,0.73165,0.73185,1.50,1.50
2016.09.16 11:11:56.426,0.73165,0.73185,1.50,1.75
2016.09.16 11:11:57.256,0.7317,0.73189,1.00,3.37
2016.09.16 11:11:57.989,0.73165,0.73185,1.50,1.75
2016.09.16 11:11:58.039,0.73165,0.73183,1.37,1.00
2016.09.16 11:11:58.141,0.73165,0.73185,1.12,1.75
2016.09.16 11:12:00.060,0.73164,0.73186,1.37,1.75
2016.09.16 11:12:00.728,0.73165,0.73185,1.12,1.75
2016.09.16 11:12:09.579,0.73165,0.73187,1.12,3.37
2016.09.16 11:12:09.680,0.73165,0.73185,1.12,1.75
2016.09.16 11:12:12.115,0.7316,0.7318,1.75,1.00
2016.09.16 11:12:12.295,0.73165,0.73185,1.12,1.75
2016.09.16 11:12:12.486,0.73165,0.73181,1.12,1.00
2016.09.16 11:12:12.536,0.73165,0.73185,1.00,1.75
2016.09.16 11:12:16.467,0.73165,0.73181,1.12,1.00
2016.09.16 11:12:16.517,0.73164,0.73186,1.50,1.75
2016.09.16 11:12:18.717,0.7316,0.7318,1.75,1.00
2016.09.16 11:12:19.933,0.73165,0.73185,1.12,1.75
2016.09.16 11:12:21.527,0.7316,0.7318,1.75,1.00
2016.09.16 11:12:21.628,0.73165,0.73185,1.12,1.75
2016.09.16 11:12:22.683,0.73165,0.73185,1.00,1.75
2016.09.16 11:12:31.605,0.73164,0.73186,1.00,3.37
2016.09.16 11:12:32.041,0.73165,0.73185,1.00,1.75
2016.09.16 11:12:40.625,0.73165,0.73182,1.00,1.00
2016.09.16 11:12:41.339,0.73165,0.73185,1.00,3.37
2016.09.16 11:12:43.955,0.73159,0.73181,1.75,1.50
2016.09.16 11:12:44.157,0.7316,0.73179,1.00,1.00
2016.09.16 11:12:47.019,0.73165,0.73179,1.00,1.00
2016.09.16 11:12:47.921,0.7316,0.73179,1.50,1.00
2016.09.16 11:12:48.027,0.73164,0.73179,1.00,1.00
2016.09.16 11:12:48.229,0.73164,0.73185,1.00,1.75
2016.09.16 11:12:48.691,0.73164,0.73185,1.00,2.25
2016.09.16 11:12:48.821,0.7316,0.7318,1.75,1.12
2016.09.16 11:12:49.745,0.7316,0.7318,1.50,1.75
2016.09.16 11:12:50.342,0.73157,0.73176,1.00,1.00
2016.09.16 11:12:50.733,0.73157,0.73175,1.00,1.00
2016.09.16 11:12:51.775,0.73155,0.73175,1.75,1.37
2016.09.16 11:12:51.826,0.73155,0.73175,1.75,1.75
2016.09.16 11:12:59.072,0.7316,0.7318,1.00,4.12
2016.09.16 11:13:00.067,0.7316,0.7318,1.00,3.37
2016.09.16 11:13:00.337,0.73155,0.73175,1.75,1.75
2016.09.16 11:13:03.495,0.7316,0.7318,1.00,3.37
2016.09.16 11:13:03.748,0.73154,0.73176,2.10,1.50
2016.09.16 11:13:03.849,0.7316,0.7318,1.00,4.12
2016.09.16 11:13:03.900,0.7316,0.73179,1.00,2.62
2016.09.16 11:13:03.951,0.73155,0.73175,1.75,1.75
2016.09.16 11:13:04.052,0.73154,0.73176,2.10,1.75
2016.09.16 11:13:06.703,0.73155,0.73175,1.12,1.75
2016.09.16 11:13:13.005,0.73155,0.73175,1.75,1.50
2016.09.16 11:13:13.207,0.73155,0.73175,1.50,1.75
2016.09.16 11:13:13.709,0.73154,0.73176,2.10,1.75
2016.09.16 11:13:14.171,0.73155,0.73175,1.50,1.75
2016.09.16 11:13:15.155,0.73154,0.73176,2.10,1.75
2016.09.16 11:13:17.805,0.73159,0.73179,1.00,2.62
2016.09.16 11:13:17.906,0.73155,0.73175,1.50,1.75
2016.09.16 11:13:18.007,0.73155,0.73179,1.50,2.62
2016.09.16 11:13:20.053,0.73154,0.73176,1.75,1.75
2016.09.16 11:13:28.579,0.73154,0.73176,1.75,1.50
2016.09.16 11:13:28.680,0.73158,0.73176,1.00,1.50
2016.09.16 11:13:29.871,0.73158,0.73175,1.00,1.00
2016.09.16 11:13:30.100,0.7316,0.73176,1.00,1.00
2016.09.16 11:13:31.445,0.73164,0.73185,1.00,1.75
2016.09.16 11:13:32.319,0.73165,0.73185,1.00,1.75
2016.09.16 11:13:35.531,0.73159,0.73181,1.75,1.50
2016.09.16 11:13:35.615,0.73164,0.73186,1.00,1.75
2016.09.16 11:13:35.916,0.73164,0.73186,1.00,3.75
2016.09.16 11:13:35.966,0.7316,0.7318,1.50,1.75
2016.09.16 11:13:38.469,0.7316,0.7318,1.00,1.75
2016.09.16 11:13:42.526,0.73155,0.73175,1.75,1.00
2016.09.16 11:13:42.880,0.73155,0.73175,1.75,1.50
2016.09.16 11:13:42.986,0.73155,0.73175,1.50,1.75
2016.09.16 11:13:43.628,0.7315,0.7317,1.75,1.00
2016.09.16 11:13:46.588,0.73155,0.73175,1.50,1.75
2016.09.16 11:13:51.769,0.73155,0.73175,1.37,1.75
2016.09.16 11:13:51.820,0.73155,0.73175,1.00,1.75
2016.09.16 11:13:51.870,0.7315,0.7317,1.75,1.12
2016.09.16 11:13:53.407,0.7315,0.7317,1.75,1.75
2016.09.16 11:13:59.917,0.7315,0.7317,1.75,1.12
2016.09.16 11:14:00.018,0.7315,0.7317,1.75,1.75
2016.09.16 11:14:00.903,0.7315,0.7317,1.12,1.75
2016.09.16 11:14:01.566,0.73149,0.73171,1.50,1.75
2016.09.16 11:14:02.887,0.7315,0.7317,1.12,1.75
2016.09.16 11:14:06.707,0.7315,0.7317,1.50,1.75
2016.09.16 11:14:06.909,0.73151,0.7317,1.00,1.37
2016.09.16 11:14:06.960,0.7315,0.7317,1.75,1.37
2016.09.16 11:14:07.910,0.7315,0.7317,1.50,1.75
2016.09.16 11:14:08.594,0.73149,0.73171,1.75,1.75
2016.09.16 11:14:08.645,0.73149,0.73171,1.12,1.75
2016.09.16 11:14:13.731,0.73149,0.73171,1.50,1.75
2016.09.16 11:14:13.782,0.73149,0.73171,1.75,1.75
2016.09.16 11:14:13.984,0.7315,0.7317,1.50,1.75
2016.09.16 11:14:21.503,0.73149,0.73171,1.75,1.75
2016.09.16 11:14:21.670,0.7315,0.7317,1.50,1.75
2016.09.16 11:14:22.472,0.73149,0.73171,1.75,1.75
2016.09.16 11:14:23.736,0.73145,0.73165,3.37,1.00
2016.09.16 11:14:23.995,0.73149,0.73171,1.75,1.75
2016.09.16 11:14:25.175,0.73145,0.73165,3.37,1.00
2016.09.16 11:14:29.229,0.7315,0.7317,1.50,1.75
2016.09.16 11:14:33.943,0.7315,0.7317,1.37,1.75
2016.09.16 11:14:33.994,0.7315,0.7317,1.00,1.75
2016.09.16 11:14:35.323,0.73149,0.73171,1.12,1.75
2016.09.16 11:14:35.590,0.7315,0.7317,1.00,1.75
2016.09.16 11:14:37.636,0.73149,0.73171,1.12,1.75
2016.09.16 11:14:37.737,0.73149,0.73172,1.12,2.62
2016.09.16 11:14:38.207,0.7315,0.7317,1.00,1.75
2016.09.16 11:14:38.737,0.7315,0.73172,1.00,2.62
2016.09.16 11:14:39.026,0.73149,0.73172,1.12,2.62
2016.09.16 11:14:40.829,0.73145,0.7317,1.75,1.75
2016.09.16 11:14:49.339,0.7315,0.73172,1.00,2.62
2016.09.16 11:14:52.860,0.73149,0.73172,1.12,2.62
2016.09.16 11:14:53.725,0.73144,0.73171,2.10,1.75
2016.09.16 11:14:53.945,0.7315,0.73172,1.00,2.62
2016.09.16 11:14:56.944,0.73149,0.73172,1.12,2.62
2016.09.16 11:14:57.189,0.73149,0.73166,1.12,1.00
2016.09.16 11:14:57.290,0.73149,0.73171,1.12,2.62
2016.09.16 11:14:58.451,0.7315,0.7317,1.00,1.75
2016.09.16 11:14:59.941,0.7315,0.73171,1.00,2.62
2016.09.16 11:15:00.854,0.73145,0.7317,1.75,1.75
2016.09.16 11:15:01.154,0.7315,0.73171,1.00,2.62
2016.09.16 11:15:02.212,0.73145,0.7317,1.75,1.75
2016.09.16 11:15:02.573,0.7315,0.7317,1.00,1.75
2016.09.16 11:15:02.878,0.73145,0.73165,1.75,1.12
2016.09.16 11:15:03.197,0.73145,0.73165,1.50,1.50
2016.09.16 11:15:03.298,0.73145,0.73165,1.12,1.75
2016.09.16 11:15:03.399,0.7314,0.7316,1.75,1.00
2016.09.16 11:15:03.615,0.7314,0.7316,1.75,1.12
2016.09.16 11:15:03.665,0.7314,0.7316,1.75,1.50
2016.09.16 11:15:06.541,0.73145,0.73165,1.00,3.37
2016.09.16 11:15:06.860,0.7314,0.7316,1.75,1.50
2016.09.16 11:15:09.630,0.7314,0.7316,1.37,1.75
2016.09.16 11:15:09.681,0.7314,0.7316,1.00,1.75
2016.09.16 11:15:09.833,0.7314,0.73159,1.00,2.62
2016.09.16 11:15:09.883,0.73135,0.73155,1.50,1.75
2016.09.16 11:15:10.035,0.73135,0.73152,1.37,1.00
2016.09.16 11:15:10.085,0.73135,0.73155,1.00,1.75
2016.09.16 11:15:10.303,0.73135,0.73154,1.00,2.62
2016.09.16 11:15:10.511,0.73135,0.73155,1.00,1.75
2016.09.16 11:15:10.765,0.73134,0.73156,1.12,2.62
2016.09.16 11:15:13.030,0.73135,0.73156,1.00,2.62
2016.09.16 11:15:26.523,0.73135,0.73155,1.00,1.75
2016.09.16 11:15:26.833,0.73135,0.73156,1.00,2.62
2016.09.16 11:15:26.984,0.73134,0.73156,1.12,2.62
2016.09.16 11:15:29.143,0.73134,0.73155,1.00,2.62
2016.09.16 11:15:34.928,0.73135,0.73155,1.00,3.37
2016.09.16 11:15:35.525,0.73135,0.73155,1.00,2.62
2016.09.16 11:15:35.677,0.73135,0.73152,1.00,1.00
2016.09.16 11:15:37.940,0.73135,0.73156,1.00,2.62
2016.09.16 11:15:41.764,0.73135,0.73157,1.12,4.50
2016.09.16 11:15:41.946,0.73135,0.73157,1.12,2.62
2016.09.16 11:15:43.472,0.73135,0.73155,1.00,2.62
2016.09.16 11:15:48.401,0.73135,0.73153,1.00,2.62
2016.09.16 11:15:48.655,0.7313,0.73154,1.50,2.62
2016.09.16 11:15:48.706,0.7313,0.73153,1.37,2.62
2016.09.16 11:15:48.757,0.7313,0.73152,1.00,2.62
2016.09.16 11:15:48.808,0.7313,0.73152,1.00,4.50
2016.09.16 11:15:48.858,0.7313,0.73151,1.00,2.62
2016.09.16 11:15:49.011,0.7313,0.73151,1.00,4.50
2016.09.16 11:15:49.061,0.7313,0.73149,1.00,2.62
2016.09.16 11:15:53.272,0.73125,0.73149,1.37,2.62
2016.09.16 11:15:53.677,0.7313,0.73149,1.00,2.62
2016.09.16 11:15:55.135,0.73125,0.73149,1.37,2.62
2016.09.16 11:15:56.335,0.7313,0.73149,1.00,2.62
2016.09.16 11:15:58.137,0.73125,0.73149,1.37,2.62
2016.09.16 11:15:58.586,0.7313,0.73149,1.00,2.62
2016.09.16 11:16:00.015,0.7313,0.73151,1.00,3.37
2016.09.16 11:16:00.117,0.7313,0.73151,1.00,2.62
2016.09.16 11:16:00.218,0.7313,0.73154,1.50,2.62
2016.09.16 11:16:00.459,0.7313,0.73155,1.75,3.37
2016.09.16 11:16:00.559,0.73135,0.73155,1.00,2.62
2016.09.16 11:16:01.249,0.7313,0.73155,1.75,3.37
2016.09.16 11:16:06.772,0.7313,0.7315,1.75,1.50
2016.09.16 11:16:06.924,0.7313,0.7315,1.50,1.50
2016.09.16 11:16:06.974,0.7313,0.7315,1.12,1.75
2016.09.16 11:16:08.735,0.7313,0.73146,1.00,1.00
2016.09.16 11:16:08.836,0.7313,0.7315,1.00,3.37
2016.09.16 11:16:10.059,0.7313,0.73148,1.00,2.62
2016.09.16 11:16:13.754,0.73125,0.73145,1.12,1.75
2016.09.16 11:16:13.955,0.7313,0.73148,1.00,2.62
2016.09.16 11:16:14.201,0.73125,0.7315,1.75,2.25
2016.09.16 11:16:14.252,0.73125,0.7315,1.75,1.75
2016.09.16 11:16:14.575,0.73129,0.73152,1.50,2.62
2016.09.16 11:16:14.961,0.7313,0.73152,1.12,2.62
2016.09.16 11:16:15.929,0.73129,0.73154,1.75,2.62
2016.09.16 11:16:16.559,0.7313,0.73154,1.75,2.62
2016.09.16 11:16:24.264,0.7313,0.73154,1.75,3.22
2016.09.16 11:16:24.315,0.73125,0.7315,4.87,1.75
2016.09.16 11:16:24.365,0.73125,0.7315,1.75,1.75
2016.09.16 11:16:24.467,0.73125,0.73149,1.75,2.62
2016.09.16 11:16:26.574,0.73125,0.73142,1.00,1.00
2016.09.16 11:16:26.641,0.73125,0.73149,1.37,4.50
2016.09.16 11:16:26.692,0.73125,0.73149,1.50,2.62
2016.09.16 11:16:27.043,0.7313,0.73149,1.00,2.62
2016.09.16 11:16:28.747,0.7313,0.73145,1.00,1.00
2016.09.16 11:16:28.798,0.7313,0.73151,1.00,2.62
2016.09.16 11:16:30.815,0.73125,0.7315,1.75,1.75
2016.09.16 11:16:31.575,0.7313,0.73151,1.00,2.62
2016.09.16 11:16:32.524,0.73125,0.7315,1.75,1.75
2016.09.16 11:16:34.651,0.7313,0.7315,1.00,1.75
2016.09.16 11:16:34.702,0.7313,0.73151,1.00,2.62
2016.09.16 11:16:34.879,0.73125,0.7315,1.75,1.75
2016.09.16 11:16:38.530,0.7313,0.73151,1.00,2.62
2016.09.16 11:16:38.583,0.73125,0.7315,1.75,1.75
2016.09.16 11:16:40.706,0.7313,0.73151,1.00,2.62
2016.09.16 11:16:40.958,0.7313,0.73155,1.75,1.75
2016.09.16 11:16:41.118,0.73133,0.73152,1.00,1.00
2016.09.16 11:16:42.591,0.73134,0.73152,1.00,1.00
2016.09.16 11:16:42.692,0.73133,0.73152,1.00,1.00
2016.09.16 11:16:46.679,0.7313,0.73155,1.75,3.37
2016.09.16 11:16:46.831,0.7313,0.73155,1.75,2.62
2016.09.16 11:16:47.800,0.73127,0.73155,3.37,3.37
2016.09.16 11:16:49.195,0.73129,0.73155,1.75,2.62
2016.09.16 11:16:49.431,0.73127,0.73155,3.37,3.37
2016.09.16 11:16:49.801,0.73129,0.73155,1.75,2.62
2016.09.16 11:16:51.514,0.73127,0.73155,2.62,3.37
2016.09.16 11:16:51.598,0.7313,0.73155,1.75,2.62
2016.09.16 11:16:54.703,0.73127,0.73155,2.62,2.62
2016.09.16 11:16:56.619,0.7313,0.73155,1.75,2.62
2016.09.16 11:16:58.106,0.73129,0.73155,1.75,2.62
2016.09.16 11:16:59.107,0.7313,0.73155,1.75,2.62
2016.09.16 11:17:02.029,0.73127,0.73155,2.62,3.37
2016.09.16 11:17:02.080,0.7313,0.73155,1.75,2.62
2016.09.16 11:17:03.363,0.7313,0.73155,1.50,2.62
2016.09.16 11:17:11.665,0.73128,0.73155,2.62,1.75
2016.09.16 11:17:11.921,0.7313,0.73157,1.75,3.37
2016.09.16 11:17:13.883,0.7313,0.73157,1.75,2.62
2016.09.16 11:17:15.377,0.73135,0.73157,1.00,2.62
2016.09.16 11:17:17.058,0.7313,0.73155,1.75,1.75
2016.09.16 11:17:17.528,0.73135,0.73157,1.00,2.62
2016.09.16 11:17:17.629,0.7313,0.73155,1.75,1.75
2016.09.16 11:17:18.529,0.73134,0.73157,1.12,2.62
2016.09.16 11:17:23.397,0.73134,0.73157,1.12,4.50
2016.09.16 11:17:23.462,0.73134,0.73156,1.00,2.62
2016.09.16 11:17:24.138,0.73135,0.73156,1.00,2.62
2016.09.16 11:17:25.636,0.73134,0.73156,1.00,2.62
2016.09.16 11:17:27.152,0.7313,0.73155,1.75,1.75
2016.09.16 11:17:28.587,0.73135,0.73156,1.00,2.62
2016.09.16 11:17:30.872,0.73135,0.73157,1.12,4.50
2016.09.16 11:17:30.922,0.73135,0.73157,1.12,2.62
2016.09.16 11:17:31.442,0.73129,0.73156,1.75,1.75
2016.09.16 11:17:34.130,0.73129,0.73156,2.10,1.75
2016.09.16 11:17:34.181,0.7313,0.7315,1.75,1.00
2016.09.16 11:17:34.683,0.73135,0.73155,1.12,1.75
2016.09.16 11:17:35.051,0.7313,0.73155,1.75,1.75
2016.09.16 11:17:36.024,0.73131,0.73155,1.35,1.75
2016.09.16 11:17:50.378,0.7313,0.73155,1.75,1.75
2016.09.16 11:17:50.428,0.73132,0.73151,1.00,1.00
2016.09.16 11:17:50.630,0.7313,0.73152,1.12,2.62
2016.09.16 11:17:50.985,0.73127,0.73151,1.35,1.75
2016.09.16 11:17:51.253,0.7313,0.73151,1.30,1.75
2016.09.16 11:17:51.304,0.7313,0.73152,1.72,2.62
2016.09.16 11:17:51.354,0.7313,0.73155,2.10,3.37
2016.09.16 11:17:51.455,0.7313,0.73155,2.10,1.75
2016.09.16 11:17:51.506,0.7313,0.73156,1.35,1.75
2016.09.16 11:17:51.660,0.73129,0.73156,1.75,1.75
2016.09.16 11:17:53.165,0.7313,0.73155,1.75,1.75
2016.09.16 11:17:59.182,0.7313,0.7315,1.75,1.00
2016.09.16 11:18:00.081,0.7313,0.73155,1.75,1.75
2016.09.16 11:18:00.287,0.7313,0.73155,1.75,3.37
2016.09.16 11:18:03.430,0.7313,0.73155,1.75,1.75
2016.09.16 11:18:09.081,0.73129,0.73156,1.75,3.37
2016.09.16 11:18:09.722,0.7313,0.73155,1.75,1.75
2016.09.16 11:18:09.824,0.73127,0.73155,2.62,1.75
2016.09.16 11:18:10.278,0.73126,0.73154,2.62,2.62
2016.09.16 11:18:11.546,0.7313,0.73154,1.75,2.62
2016.09.16 11:18:11.614,0.73126,0.73154,2.62,2.62
2016.09.16 11:18:16.592,0.7313,0.73148,1.00,1.00
2016.09.16 11:18:16.693,0.73125,0.73151,1.75,2.62
2016.09.16 11:18:17.198,0.73124,0.73151,1.75,2.62
2016.09.16 11:18:17.350,0.73128,0.73151,1.00,2.62
2016.09.16 11:18:17.400,0.73124,0.73151,1.75,2.62
2016.09.16 11:18:17.451,0.73124,0.73151,1.75,3.37
2016.09.16 11:18:18.587,0.73122,0.73151,2.62,4.12
2016.09.16 11:18:19.794,0.73125,0.73151,1.75,3.37
2016.09.16 11:18:20.009,0.73122,0.7315,2.62,1.75
2016.09.16 11:18:20.495,0.73125,0.73151,1.75,3.37
2016.09.16 11:18:21.113,0.73124,0.73151,1.75,3.37
2016.09.16 11:18:21.163,0.73124,0.73151,1.75,2.62
2016.09.16 11:18:22.388,0.73124,0.73151,1.75,3.37
2016.09.16 11:18:22.468,0.73124,0.73151,1.75,2.62
2016.09.16 11:18:23.418,0.73124,0.73151,1.75,3.37
2016.09.16 11:18:24.100,0.73125,0.73151,1.75,3.37
2016.09.16 11:18:24.451,0.73125,0.73151,1.75,2.62
2016.09.16 11:18:25.226,0.73125,0.73151,1.75,3.37
2016.09.16 11:18:26.086,0.73124,0.73151,1.75,3.37
2016.09.16 11:18:26.604,0.73125,0.73151,1.75,3.37
2016.09.16 11:18:27.834,0.73124,0.73151,1.75,3.37
2016.09.16 11:18:28.357,0.73125,0.73151,1.75,3.37
2016.09.16 11:18:28.408,0.73125,0.73151,1.75,1.75
2016.09.16 11:18:28.464,0.73125,0.73153,1.75,2.62
2016.09.16 11:18:28.738,0.7313,0.73153,1.12,2.62
2016.09.16 11:18:28.839,0.7313,0.73153,1.12,3.37
2016.09.16 11:18:28.940,0.7313,0.73153,1.12,2.62
2016.09.16 11:18:29.179,0.73134,0.73153,1.00,2.62
2016.09.16 11:18:29.230,0.73135,0.7316,1.75,1.75
2016.09.16 11:18:41.032,0.73135,0.73155,1.75,1.12
2016.09.16 11:18:45.091,0.73136,0.73155,1.00,1.37
2016.09.16 11:18:45.142,0.73135,0.73155,1.37,1.50
2016.09.16 11:18:48.629,0.73134,0.73156,1.50,1.75
2016.09.16 11:18:49.424,0.73134,0.73156,1.50,2.10
2016.09.16 11:18:49.474,0.7313,0.7315,1.75,1.00
2016.09.16 11:18:49.525,0.7313,0.7315,1.75,1.12
2016.09.16 11:18:49.626,0.7313,0.73148,1.00,1.00
2016.09.16 11:18:50.032,0.73129,0.73148,1.50,1.00
2016.09.16 11:18:50.589,0.7313,0.73148,1.00,1.00
2016.09.16 11:18:50.640,0.7313,0.7315,1.00,1.75
2016.09.16 11:18:50.742,0.7313,0.73151,1.00,2.62
2016.09.16 11:18:51.544,0.7313,0.73153,1.50,2.62
2016.09.16 11:18:56.110,0.73129,0.73153,1.75,2.62
2016.09.16 11:18:58.146,0.73135,0.73153,1.00,2.62
2016.09.16 11:18:58.513,0.73135,0.73155,1.00,2.62
2016.09.16 11:18:59.854,0.7313,0.73155,1.12,3.37
2016.09.16 11:19:00.202,0.7313,0.73155,1.12,4.12
2016.09.16 11:19:00.923,0.7313,0.73155,1.12,3.37
2016.09.16 11:19:01.463,0.7313,0.73152,1.12,2.62
2016.09.16 11:19:03.165,0.73129,0.73152,1.50,2.62
2016.09.16 11:19:03.437,0.7313,0.73152,1.12,2.62
2016.09.16 11:19:05.465,0.7313,0.73155,1.50,4.12
2016.09.16 11:19:05.516,0.7313,0.73154,1.50,1.75
2016.09.16 11:19:05.920,0.7313,0.73155,1.50,4.12
2016.09.16 11:19:15.440,0.7313,0.73154,1.50,1.75
2016.09.16 11:19:16.564,0.7313,0.73155,1.50,4.12
2016.09.16 11:19:17.263,0.7313,0.73155,1.75,1.75
2016.09.16 11:19:17.858,0.7313,0.73153,1.50,2.62
2016.09.16 11:19:17.909,0.7313,0.73153,1.12,2.62
2016.09.16 11:19:18.064,0.73129,0.73153,1.50,2.62
2016.09.16 11:19:18.461,0.73129,0.73154,1.75,2.62
2016.09.16 11:19:18.778,0.7313,0.73154,1.75,2.62
2016.09.16 11:19:20.070,0.7313,0.7315,1.75,1.75
2016.09.16 11:19:22.970,0.73129,0.73151,1.75,1.75
2016.09.16 11:19:23.071,0.7313,0.7315,1.50,1.75
2016.09.16 11:19:23.122,0.7313,0.7315,1.12,1.75
2016.09.16 11:19:25.663,0.73129,0.73151,1.50,1.75
2016.09.16 11:19:29.476,0.7313,0.7315,1.12,1.75
2016.09.16 11:19:29.902,0.7313,0.7315,1.00,1.75
2016.09.16 11:19:30.004,0.7313,0.7315,1.00,3.97
2016.09.16 11:19:30.205,0.7313,0.7315,1.00,4.72
2016.09.16 11:19:30.508,0.73125,0.73145,1.75,1.50
2016.09.16 11:19:35.841,0.73126,0.73145,1.67,1.50
2016.09.16 11:19:35.942,0.73126,0.73145,1.35,1.12
2016.09.16 11:19:36.182,0.73125,0.73145,1.75,1.12
2016.09.16 11:19:36.233,0.73122,0.73145,2.62,1.12
2016.09.16 11:19:36.334,0.7312,0.73144,1.50,2.62
2016.09.16 11:19:39.031,0.73119,0.73142,1.37,2.62
2016.09.16 11:19:40.188,0.73115,0.7314,1.75,1.75
2016.09.16 11:19:40.790,0.7312,0.73142,1.12,2.62
2016.09.16 11:19:41.000,0.7312,0.7314,1.12,1.75
2016.09.16 11:19:42.323,0.7312,0.73142,1.12,3.37
2016.09.16 11:19:44.294,0.73115,0.7314,1.75,1.75
2016.09.16 11:19:52.962,0.73115,0.7314,1.75,3.37
2016.09.16 11:19:53.774,0.73117,0.7314,1.00,3.37
2016.09.16 11:19:53.825,0.73115,0.7314,1.75,1.75
2016.09.16 11:19:55.359,0.73115,0.7314,1.75,2.25
2016.09.16 11:19:55.628,0.73115,0.7314,1.75,1.75
2016.09.16 11:19:56.075,0.73115,0.7314,1.75,2.25
2016.09.16 11:19:56.828,0.7312,0.7314,1.00,1.75
2016.09.16 11:19:56.980,0.7312,0.73141,1.00,3.37
2016.09.16 11:19:59.311,0.73114,0.73141,1.75,4.12
2016.09.16 11:19:59.362,0.73114,0.7314,1.75,2.62
2016.09.16 11:19:59.413,0.73114,0.73139,1.75,2.62
2016.09.16 11:19:59.514,0.73114,0.73141,1.75,4.12
2016.09.16 11:19:59.940,0.73119,0.73141,1.00,3.37
2016.09.16 11:20:00.137,0.73119,0.73141,1.00,2.62
2016.09.16 11:20:00.927,0.73115,0.7314,1.75,1.75
2016.09.16 11:20:01.615,0.7312,0.73141,1.00,2.62
2016.09.16 11:20:02.117,0.7312,0.7314,1.00,1.75
2016.09.16 11:20:02.614,0.7312,0.73141,1.00,2.62
2016.09.16 11:20:03.015,0.73119,0.73141,1.00,3.37
2016.09.16 11:20:03.066,0.73119,0.73141,1.00,3.97
2016.09.16 11:20:03.214,0.73119,0.73141,1.00,4.72
2016.09.16 11:20:03.265,0.73119,0.73141,1.00,4.35
2016.09.16 11:20:03.316,0.73119,0.73141,1.00,1.50
2016.09.16 11:20:03.417,0.73115,0.73135,1.00,1.00
2016.09.16 11:20:03.963,0.73114,0.73136,1.00,1.00
2016.09.16 11:20:05.633,0.73115,0.73135,1.75,1.12
2016.09.16 11:20:06.318,0.73114,0.73136,1.75,1.50
2016.09.16 11:20:06.865,0.73115,0.73135,1.75,1.50
2016.09.16 11:20:06.916,0.73115,0.73135,1.75,1.75
2016.09.16 11:20:07.067,0.73115,0.73133,1.37,1.00
2016.09.16 11:20:07.118,0.73115,0.73133,1.00,1.00
2016.09.16 11:20:07.373,0.73115,0.73135,1.12,1.50
2016.09.16 11:20:07.566,0.73115,0.73135,1.50,1.50
2016.09.16 11:20:09.164,0.73115,0.73135,1.37,1.75
2016.09.16 11:20:09.215,0.73115,0.73135,1.00,1.75
2016.09.16 11:20:09.735,0.7311,0.7313,1.75,1.00
2016.09.16 11:20:10.557,0.73113,0.7313,1.00,1.00
2016.09.16 11:20:15.429,0.73115,0.73131,1.00,1.00
2016.09.16 11:20:19.653,0.73113,0.7313,1.00,1.00
2016.09.16 11:20:19.703,0.7311,0.7313,1.50,1.37
2016.09.16 11:20:19.754,0.7311,0.7313,1.50,1.75
2016.09.16 11:20:19.805,0.7311,0.7313,1.37,1.75
2016.09.16 11:20:19.856,0.7311,0.7313,1.00,1.75
2016.09.16 11:20:20.058,0.7311,0.7313,1.12,1.75
2016.09.16 11:20:22.559,0.7311,0.73133,1.12,2.62
2016.09.16 11:20:22.710,0.7311,0.73133,1.50,2.62
2016.09.16 11:20:22.761,0.73111,0.7313,1.00,1.00
2016.09.16 11:20:23.227,0.7311,0.73135,1.75,1.75
2016.09.16 11:20:23.278,0.73113,0.73131,1.00,1.00
2016.09.16 11:20:24.416,0.7311,0.73131,1.50,1.00
2016.09.16 11:20:24.466,0.7311,0.73135,1.50,3.37
2016.09.16 11:20:24.945,0.73115,0.73136,1.00,4.12
2016.09.16 11:20:25.166,0.73115,0.73136,1.00,3.37
2016.09.16 11:20:25.217,0.73115,0.73136,1.00,2.62
2016.09.16 11:20:25.268,0.73109,0.73136,1.75,4.12
2016.09.16 11:20:25.369,0.73109,0.73136,1.75,3.37
2016.09.16 11:20:25.638,0.7311,0.73136,1.35,3.37
2016.09.16 11:20:25.807,0.73114,0.73136,1.12,2.62
2016.09.16 11:20:25.858,0.73115,0.7314,1.75,2.25
2016.09.16 11:20:25.908,0.73115,0.73139,1.75,1.35
2016.09.16 11:20:26.010,0.73115,0.73138,1.37,2.62
2016.09.16 11:20:26.061,0.7311,0.73135,1.75,1.75
2016.09.16 11:20:31.280,0.73109,0.73136,1.75,3.37
2016.09.16 11:20:31.331,0.7311,0.73136,1.35,3.37
2016.09.16 11:20:31.381,0.73115,0.73135,1.00,1.75
2016.09.16 11:20:31.583,0.73115,0.73135,1.12,1.75
2016.09.16 11:20:31.899,0.7311,0.7313,2.10,1.00
2016.09.16 11:20:33.453,0.73114,0.73136,1.50,1.75
2016.09.16 11:20:34.144,0.7311,0.7313,2.10,1.00
2016.09.16 11:20:35.202,0.7311,0.73131,1.35,1.00
2016.09.16 11:20:37.845,0.73109,0.73131,3.37,1.00
2016.09.16 11:20:38.560,0.73109,0.73136,3.37,1.75
2016.09.16 11:20:41.161,0.7311,0.73135,1.75,1.75
2016.09.16 11:20:43.756,0.7311,0.73135,2.10,1.75
2016.09.16 11:20:43.806,0.7311,0.7313,2.10,1.00
2016.09.16 11:20:43.857,0.7311,0.7313,1.75,1.00
2016.09.16 11:20:43.907,0.7311,0.73135,1.75,1.75
2016.09.16 11:20:44.010,0.73109,0.73131,3.37,1.00
2016.09.16 11:20:44.161,0.73109,0.73131,3.97,1.00
2016.09.16 11:20:44.592,0.73115,0.73135,1.12,1.75
2016.09.16 11:20:44.693,0.7311,0.7313,1.75,1.00
2016.09.16 11:20:44.894,0.73114,0.73136,1.50,1.75
2016.09.16 11:20:46.521,0.73115,0.73138,1.12,3.37
2016.09.16 11:20:46.622,0.73115,0.73138,1.12,2.62
2016.09.16 11:20:46.925,0.73115,0.73132,1.12,1.00
2016.09.16 11:20:47.026,0.73115,0.73132,1.00,1.00
2016.09.16 11:20:55.979,0.73114,0.73132,1.00,1.00
2016.09.16 11:20:57.364,0.73109,0.73136,1.75,3.37
2016.09.16 11:20:57.744,0.73109,0.7313,1.75,1.00
2016.09.16 11:20:57.794,0.73109,0.73136,1.75,3.37
2016.09.16 11:20:57.996,0.7311,0.73135,1.50,1.75
2016.09.16 11:21:00.797,0.73109,0.73136,1.75,3.37
2016.09.16 11:21:00.848,0.7311,0.73136,2.10,3.37
2016.09.16 11:21:00.898,0.73115,0.73137,1.00,2.62
2016.09.16 11:21:00.999,0.73119,0.73141,1.75,1.75
2016.09.16 11:21:01.100,0.73115,0.7314,1.75,1.75
2016.09.16 11:21:01.592,0.73115,0.73139,1.75,2.62
2016.09.16 11:21:02.592,0.73115,0.73137,1.12,2.62
2016.09.16 11:21:02.979,0.73115,0.7314,1.75,3.37
2016.09.16 11:21:03.029,0.73114,0.7314,1.75,2.62
2016.09.16 11:21:03.510,0.73115,0.7314,1.75,3.37
2016.09.16 11:21:03.661,0.73118,0.7314,1.00,3.37
2016.09.16 11:21:03.712,0.73115,0.73142,1.75,3.37
2016.09.16 11:21:04.018,0.73114,0.7314,2.62,1.75
2016.09.16 11:21:04.222,0.73115,0.73142,1.75,2.62
2016.09.16 11:21:04.792,0.73114,0.73141,2.62,1.75
2016.09.16 11:21:06.294,0.73114,0.73142,3.37,2.62
2016.09.16 11:21:06.395,0.73114,0.7314,2.62,1.75
2016.09.16 11:21:06.496,0.73115,0.73142,1.75,2.62
2016.09.16 11:21:06.895,0.73114,0.7314,2.62,1.75
2016.09.16 11:21:07.186,0.73114,0.73142,3.37,2.62
2016.09.16 11:21:10.257,0.73114,0.73141,2.62,1.75
2016.09.16 11:21:11.701,0.73115,0.73142,1.75,2.62
2016.09.16 11:21:13.012,0.73115,0.73141,1.75,2.62
2016.09.16 11:21:16.618,0.73115,0.7314,1.37,2.62
2016.09.16 11:21:16.668,0.73115,0.73139,1.00,2.62
2016.09.16 11:21:16.879,0.73115,0.73139,1.00,2.62
2016.09.16 11:21:17.182,0.73115,0.73139,1.37,2.62
2016.09.16 11:21:17.233,0.7312,0.73139,1.00,2.62
2016.09.16 11:21:17.334,0.7312,0.73139,1.00,2.62
2016.09.16 11:21:17.537,0.73115,0.73135,1.75,1.75
2016.09.16 11:21:19.012,0.73115,0.73139,1.75,2.62
2016.09.16 11:21:23.312,0.73117,0.73139,1.00,2.62
2016.09.16 11:21:23.363,0.73115,0.7314,1.75,2.25
2016.09.16 11:21:26.895,0.73115,0.7314,1.75,1.75
2016.09.16 11:21:26.997,0.73115,0.7314,1.75,2.25
2016.09.16 11:21:27.099,0.73115,0.7314,1.75,1.75
2016.09.16 11:21:27.301,0.73115,0.7314,1.75,2.25
2016.09.16 11:21:27.566,0.73115,0.7314,2.25,2.25
2016.09.16 11:21:27.616,0.73119,0.73138,1.00,1.00
2016.09.16 11:21:27.667,0.73119,0.73143,1.50,2.62
2016.09.16 11:21:27.824,0.7312,0.73143,3.00,2.62
2016.09.16 11:21:27.876,0.7312,0.73145,1.75,1.75
2016.09.16 11:21:30.484,0.7312,0.73145,1.75,3.37
2016.09.16 11:21:31.070,0.7312,0.73143,1.50,2.62
2016.09.16 11:21:31.120,0.7312,0.73143,1.12,2.62
2016.09.16 11:21:31.171,0.7312,0.73139,1.37,1.00
2016.09.16 11:21:31.221,0.7312,0.73145,1.75,3.37
2016.09.16 11:21:31.424,0.73116,0.7314,3.37,1.50
2016.09.16 11:21:31.525,0.7312,0.73145,1.75,3.37
2016.09.16 11:21:31.576,0.7312,0.73145,1.75,1.75
2016.09.16 11:21:32.870,0.7312,0.73144,1.75,2.62
2016.09.16 11:21:33.873,0.73123,0.73142,1.00,1.00
2016.09.16 11:21:36.116,0.7312,0.73145,1.75,1.75
2016.09.16 11:21:36.167,0.7312,0.73145,3.37,1.75
2016.09.16 11:21:36.230,0.7312,0.73146,2.62,2.10
2016.09.16 11:21:36.280,0.7312,0.73146,2.62,1.75
2016.09.16 11:21:37.647,0.7312,0.73145,3.37,1.75
2016.09.16 11:21:39.166,0.7312,0.73149,3.37,3.37
2016.09.16 11:21:39.457,0.7312,0.73149,3.37,2.62
2016.09.16 11:21:44.073,0.7312,0.73146,3.37,2.25
2016.09.16 11:21:44.124,0.7312,0.73143,1.50,2.62
2016.09.16 11:21:44.389,0.73115,0.73141,2.62,1.75
2016.09.16 11:21:45.164,0.73119,0.73143,1.75,2.62
2016.09.16 11:21:46.647,0.7312,0.73143,1.50,2.62
2016.09.16 11:21:46.698,0.7312,0.73144,1.50,3.37
2016.09.16 11:21:46.748,0.7312,0.73144,1.75,1.75
2016.09.16 11:21:46.989,0.7312,0.73145,3.37,1.75
2016.09.16 11:21:49.558,0.7312,0.73145,4.12,1.75
2016.09.16 11:21:49.608,0.7312,0.73145,4.12,2.10
2016.09.16 11:21:49.659,0.7312,0.73145,2.62,1.35
2016.09.16 11:21:49.709,0.73119,0.73144,3.37,2.62
2016.09.16 11:21:49.760,0.73119,0.73144,1.75,2.62
2016.09.16 11:21:50.006,0.7312,0.73138,1.37,1.00
2016.09.16 11:21:50.057,0.7312,0.73145,1.50,3.37
2016.09.16 11:21:50.160,0.73119,0.73145,1.75,2.62
2016.09.16 11:21:50.264,0.7312,0.73145,1.50,3.37
2016.09.16 11:21:50.315,0.7312,0.73145,1.50,1.75
2016.09.16 11:21:50.365,0.7312,0.73145,1.75,1.75
2016.09.16 11:21:51.995,0.73119,0.73146,3.37,1.75
2016.09.16 11:21:52.467,0.73125,0.73147,1.12,2.62
2016.09.16 11:21:52.771,0.7312,0.73145,1.75,1.75
2016.09.16 11:21:52.957,0.73125,0.73147,1.12,2.62
2016.09.16 11:21:53.179,0.73125,0.73148,1.37,3.37
2016.09.16 11:21:53.230,0.73125,0.73148,1.50,1.75
2016.09.16 11:21:53.281,0.73125,0.73149,1.50,3.22
2016.09.16 11:21:53.331,0.73125,0.73144,1.50,1.00
2016.09.16 11:21:53.389,0.73125,0.73149,1.75,1.35
2016.09.16 11:21:53.572,0.73122,0.73145,2.62,1.50
2016.09.16 11:21:53.622,0.73121,0.73145,2.62,1.50
2016.09.16 11:21:53.673,0.7312,0.73145,1.75,1.75
2016.09.16 11:22:00.493,0.73123,0.73142,1.00,1.00
2016.09.16 11:22:01.575,0.73125,0.73142,1.00,1.00
2016.09.16 11:22:02.004,0.73123,0.73142,1.00,1.00
2016.09.16 11:22:03.149,0.73125,0.73142,1.00,1.00
2016.09.16 11:22:03.402,0.73123,0.7314,1.00,1.00
2016.09.16 11:22:03.469,0.7312,0.7314,1.50,1.12
2016.09.16 11:22:05.065,0.73125,0.73145,1.00,2.25
2016.09.16 11:22:07.607,0.73125,0.73145,1.00,1.75
2016.09.16 11:22:08.107,0.73125,0.73145,1.00,2.25
2016.09.16 11:22:09.270,0.7312,0.7314,1.50,1.12
2016.09.16 11:22:09.670,0.73125,0.73145,1.00,2.25
2016.09.16 11:22:09.771,0.7312,0.7314,1.50,1.12
2016.09.16 11:22:12.975,0.7312,0.73144,1.50,1.75
2016.09.16 11:22:13.127,0.73123,0.73142,1.00,1.00
2016.09.16 11:22:13.278,0.73125,0.73142,1.00,1.00
2016.09.16 11:22:17.780,0.73123,0.73142,1.00,1.00
2016.09.16 11:22:20.294,0.73125,0.73147,1.37,2.62
2016.09.16 11:22:20.345,0.73126,0.73145,1.00,1.00
2016.09.16 11:22:20.396,0.73125,0.7315,2.62,2.62
2016.09.16 11:22:20.446,0.73125,0.73154,2.62,2.62
2016.09.16 11:22:20.739,0.73125,0.73154,3.37,2.62
2016.09.16 11:22:20.790,0.73127,0.73155,2.62,3.37
2016.09.16 11:22:20.840,0.73127,0.73155,2.62,1.75
2016.09.16 11:22:29.656,0.73127,0.73155,2.62,2.25
2016.09.16 11:22:29.985,0.73127,0.7315,2.62,1.50
2016.09.16 11:22:33.966,0.73127,0.7315,2.62,1.75
2016.09.16 11:22:34.016,0.73129,0.73147,1.00,1.00
2016.09.16 11:22:47.604,0.73125,0.7315,3.37,1.50
2016.09.16 11:22:47.655,0.73126,0.7315,2.62,1.50
2016.09.16 11:22:48.018,0.73126,0.73149,2.62,1.00
2016.09.16 11:22:48.069,0.73125,0.7315,3.37,1.75
2016.09.16 11:22:51.916,0.73125,0.73148,3.37,1.00
2016.09.16 11:22:51.989,0.73125,0.7315,1.75,1.75
2016.09.16 11:22:53.236,0.73124,0.73151,3.37,1.75
2016.09.16 11:22:56.583,0.73124,0.73146,3.37,1.00
2016.09.16 11:22:56.634,0.73123,0.73146,2.62,1.50
2016.09.16 11:22:58.135,0.73123,0.7315,2.62,1.75
2016.09.16 11:23:01.442,0.73125,0.73151,1.75,2.62
2016.09.16 11:23:01.645,0.73123,0.7315,2.62,1.75
2016.09.16 11:23:03.796,0.73123,0.7315,2.62,2.25
2016.09.16 11:23:04.449,0.73123,0.7315,2.62,1.75
2016.09.16 11:23:04.771,0.73125,0.73151,1.75,2.62
2016.09.16 11:23:04.872,0.73125,0.73153,1.75,2.62
2016.09.16 11:23:04.922,0.7313,0.73153,1.00,2.62
2016.09.16 11:23:04.973,0.73126,0.73154,2.62,2.62
2016.09.16 11:23:05.227,0.73126,0.73154,2.62,3.37
2016.09.16 11:23:05.511,0.73126,0.73154,2.62,3.37
2016.09.16 11:23:06.153,0.73126,0.73154,2.62,2.62
2016.09.16 11:23:08.043,0.73126,0.7315,2.62,1.75
2016.09.16 11:23:08.238,0.73126,0.73154,2.62,2.62
2016.09.16 11:23:13.607,0.73126,0.7315,2.62,1.75
2016.09.16 11:23:16.997,0.73126,0.73151,2.62,1.75
2016.09.16 11:23:18.195,0.73126,0.73154,2.62,2.62
2016.09.16 11:23:23.430,0.73127,0.7315,2.62,1.37
2016.09.16 11:23:23.562,0.73127,0.73151,2.62,1.50
2016.09.16 11:23:23.767,0.73127,0.73155,2.62,2.25
2016.09.16 11:23:23.983,0.73127,0.73151,2.62,1.50
2016.09.16 11:23:24.363,0.73127,0.7315,2.62,1.37
2016.09.16 11:23:28.585,0.73126,0.7315,2.62,1.75
2016.09.16 11:23:29.135,0.73124,0.7315,4.12,1.75
2016.09.16 11:23:30.592,0.73124,0.7315,3.37,1.75
2016.09.16 11:23:31.472,0.73124,0.73151,3.37,1.75
2016.09.16 11:23:31.578,0.73124,0.7315,2.62,1.75
2016.09.16 11:23:31.679,0.73124,0.73146,2.62,1.00
2016.09.16 11:23:31.730,0.73122,0.7315,2.62,1.75
2016.09.16 11:23:31.881,0.73122,0.73151,2.62,4.87
2016.09.16 11:23:31.982,0.73122,0.7315,2.62,1.75
2016.09.16 11:23:33.046,0.73122,0.7315,3.37,1.75
2016.09.16 11:23:33.387,0.73122,0.7315,4.12,1.75
2016.09.16 11:23:35.047,0.73122,0.7315,3.37,1.75
2016.09.16 11:23:36.449,0.73122,0.7315,2.62,1.75
2016.09.16 11:23:42.908,0.73125,0.73151,1.75,2.62
2016.09.16 11:23:43.010,0.73122,0.7315,2.62,1.75
2016.09.16 11:23:52.010,0.73122,0.73149,2.62,2.62
2016.09.16 11:23:52.061,0.7312,0.73148,1.75,2.62
2016.09.16 11:23:56.104,0.73125,0.73148,1.12,2.62
2016.09.16 11:23:56.886,0.73125,0.7315,1.75,3.37
2016.09.16 11:24:06.552,0.73129,0.7315,1.00,2.62
2016.09.16 11:24:07.261,0.73129,0.73153,1.50,3.37
2016.09.16 11:24:07.312,0.73129,0.73153,1.50,2.62
2016.09.16 11:24:07.363,0.73129,0.73154,1.75,2.62
2016.09.16 11:24:07.663,0.73129,0.73156,1.75,3.37
2016.09.16 11:24:07.764,0.73135,0.73155,1.12,2.10
2016.09.16 11:24:08.067,0.7313,0.7315,1.75,1.00
2016.09.16 11:24:11.368,0.7313,0.7315,1.75,1.12
2016.09.16 11:24:11.471,0.73135,0.73155,1.00,2.10
2016.09.16 11:24:11.572,0.73135,0.73154,1.00,2.62
2016.09.16 11:24:12.030,0.73129,0.73151,1.50,1.75
2016.09.16 11:24:12.081,0.73129,0.73151,1.75,1.50
2016.09.16 11:24:12.131,0.7313,0.7315,1.75,1.12
2016.09.16 11:24:13.336,0.73129,0.73151,1.75,1.50
2016.09.16 11:24:14.477,0.73129,0.73151,3.37,1.12
2016.09.16 11:24:14.578,0.7313,0.73151,3.97,1.00
2016.09.16 11:24:14.628,0.73135,0.73155,1.50,1.75
2016.09.16 11:24:15.066,0.7313,0.7315,3.97,1.00
2016.09.16 11:24:15.167,0.7313,0.7315,3.37,1.00
2016.09.16 11:24:17.678,0.73135,0.73154,1.50,1.67
2016.09.16 11:24:17.728,0.73135,0.73155,1.50,1.75
2016.09.16 11:24:20.953,0.73135,0.73155,1.75,1.37
2016.09.16 11:24:21.003,0.73137,0.73155,1.00,1.00
2016.09.16 11:24:21.054,0.73135,0.73155,1.37,1.37
2016.09.16 11:24:21.104,0.73135,0.73155,1.12,1.75
2016.09.16 11:24:21.256,0.73134,0.73156,1.50,1.75
2016.09.16 11:24:23.305,0.7313,0.7315,1.75,1.00
2016.09.16 11:24:25.806,0.7313,0.7315,2.25,1.00
2016.09.16 11:24:26.008,0.7313,0.7315,1.75,1.00
2016.09.16 11:24:27.667,0.73135,0.73155,1.12,1.75
2016.09.16 11:24:28.660,0.7313,0.7315,2.25,1.00
2016.09.16 11:24:28.866,0.7313,0.7315,1.75,1.00
2016.09.16 11:24:29.072,0.73135,0.73155,1.12,1.75
2016.09.16 11:24:29.568,0.7313,0.7315,1.75,1.00
2016.09.16 11:24:29.619,0.7313,0.7315,1.75,1.12
2016.09.16 11:24:31.385,0.73129,0.73151,2.25,1.50
2016.09.16 11:24:33.282,0.7313,0.7315,1.75,1.12
2016.09.16 11:24:34.773,0.73129,0.73151,1.75,1.50
2016.09.16 11:24:35.026,0.73131,0.73149,1.00,1.00
2016.09.16 11:24:35.076,0.73131,0.73149,1.00,1.00
2016.09.16 11:24:35.127,0.7313,0.7315,1.75,1.12
2016.09.16 11:24:42.771,0.73134,0.7315,1.00,1.00
2016.09.16 11:24:45.378,0.73134,0.73151,1.00,1.00
2016.09.16 11:24:46.546,0.73134,0.7315,1.00,1.00
2016.09.16 11:24:47.532,0.73132,0.7315,1.00,1.50
2016.09.16 11:24:47.633,0.7313,0.7315,1.50,1.75
2016.09.16 11:24:47.874,0.73125,0.73145,3.37,1.00
2016.09.16 11:24:47.925,0.73129,0.73145,1.00,1.00
2016.09.16 11:24:48.127,0.73125,0.73145,1.75,1.75
2016.09.16 11:24:48.382,0.7313,0.73149,1.00,3.22
2016.09.16 11:24:48.727,0.7313,0.73149,1.00,1.35
2016.09.16 11:24:51.869,0.73125,0.73145,1.75,1.50
2016.09.16 11:24:52.922,0.73125,0.73145,1.50,1.50
2016.09.16 11:24:53.096,0.73125,0.73145,1.12,1.75
2016.09.16 11:24:53.147,0.73124,0.73146,1.37,1.75
2016.09.16 11:24:53.369,0.7312,0.73141,3.37,1.00
2016.09.16 11:24:53.770,0.73125,0.73145,1.12,1.75
2016.09.16 11:24:55.117,0.7312,0.7314,4.12,1.00
2016.09.16 11:24:56.666,0.7312,0.7314,3.37,1.00
2016.09.16 11:24:57.195,0.73125,0.73145,1.12,1.75
2016.09.16 11:24:57.696,0.7312,0.7314,3.37,1.00
2016.09.16 11:25:00.557,0.7312,0.7314,1.37,1.37
2016.09.16 11:25:00.608,0.7312,0.7314,1.00,1.75
2016.09.16 11:25:00.759,0.7312,0.73138,1.00,2.62
2016.09.16 11:25:01.479,0.73115,0.73135,1.12,1.75
2016.09.16 11:25:01.958,0.73115,0.73135,1.37,1.75
2016.09.16 11:25:02.169,0.73115,0.73135,1.50,1.37
2016.09.16 11:25:02.220,0.7312,0.7314,1.00,1.75
2016.09.16 11:25:02.322,0.73115,0.73135,1.75,1.00
2016.09.16 11:25:02.525,0.73114,0.73136,2.10,1.12
2016.09.16 11:25:02.774,0.73114,0.73136,2.85,1.12
2016.09.16 11:25:03.002,0.73114,0.73136,2.10,1.12
2016.09.16 11:25:03.103,0.7312,0.7314,1.00,1.75
2016.09.16 11:25:04.478,0.7312,0.73137,1.37,1.00
2016.09.16 11:25:04.529,0.7312,0.7314,1.50,1.75
2016.09.16 11:25:04.679,0.7312,0.7314,1.12,1.75
2016.09.16 11:25:04.729,0.7312,0.7314,1.00,1.75
2016.09.16 11:25:05.694,0.7312,0.73138,1.50,1.00
2016.09.16 11:25:06.986,0.7312,0.7314,1.50,1.37
2016.09.16 11:25:07.037,0.73122,0.7314,1.00,1.00
2016.09.16 11:25:09.192,0.73124,0.73146,1.12,1.75
2016.09.16 11:25:09.242,0.73124,0.73143,1.50,1.00
2016.09.16 11:25:09.447,0.73124,0.73141,1.00,1.00
2016.09.16 11:25:09.599,0.73123,0.7314,1.00,1.00
2016.09.16 11:25:09.801,0.7312,0.7314,1.75,1.50
2016.09.16 11:25:10.213,0.7312,0.73145,1.75,3.37
2016.09.16 11:25:11.935,0.73119,0.7314,2.25,1.50
2016.09.16 11:25:11.986,0.73118,0.7314,1.75,1.50
2016.09.16 11:25:12.037,0.73119,0.73145,1.75,2.62
2016.09.16 11:25:15.407,0.7312,0.73145,1.75,3.37
2016.09.16 11:25:19.647,0.73125,0.73145,1.00,2.62
2016.09.16 11:25:19.698,0.73125,0.73146,1.12,2.62
2016.09.16 11:25:19.849,0.73125,0.73145,1.12,1.75
2016.09.16 11:25:20.162,0.73126,0.73145,1.00,1.50
2016.09.16 11:25:23.330,0.73126,0.73145,1.00,1.00
2016.09.16 11:25:23.508,0.73126,0.73145,1.00,1.50
2016.09.16 11:25:25.112,0.73126,0.73145,1.00,1.00
2016.09.16 11:25:25.336,0.73126,0.73145,1.00,1.50
2016.09.16 11:25:26.740,0.73126,0.73145,1.00,1.00
2016.09.16 11:25:27.114,0.73126,0.73145,1.00,1.00
2016.09.16 11:25:27.730,0.73126,0.73145,1.00,1.00
2016.09.16 11:25:29.299,0.73125,0.7315,1.75,3.37
2016.09.16 11:25:29.350,0.73125,0.7315,1.75,1.75
2016.09.16 11:25:29.520,0.73124,0.73151,3.37,1.75
2016.09.16 11:25:29.850,0.73125,0.7315,1.75,1.75
2016.09.16 11:25:30.720,0.7313,0.73153,1.12,2.62
2016.09.16 11:25:31.006,0.7313,0.73154,1.37,2.62
2016.09.16 11:25:31.057,0.7313,0.73155,1.75,3.37
2016.09.16 11:25:31.259,0.7313,0.73155,1.75,1.75
2016.09.16 11:25:43.094,0.73129,0.73156,2.25,3.37
2016.09.16 11:25:43.975,0.7313,0.73155,1.75,1.75
2016.09.16 11:25:52.488,0.73129,0.73156,2.25,3.37
2016.09.16 11:25:54.596,0.7313,0.73155,1.75,1.75
2016.09.16 11:25:57.737,0.73129,0.73156,2.25,3.37
2016.09.16 11:26:00.329,0.73129,0.73156,1.75,3.97
2016.09.16 11:26:00.380,0.73128,0.7315,1.75,1.37
2016.09.16 11:26:00.431,0.73125,0.7315,3.37,1.75
2016.09.16 11:26:00.481,0.73124,0.73151,3.37,3.37
2016.09.16 11:26:00.532,0.73124,0.7315,1.75,1.75
2016.09.16 11:26:00.633,0.73124,0.73151,1.75,3.37
2016.09.16 11:26:01.025,0.73124,0.73149,1.50,2.62
2016.09.16 11:26:01.076,0.73125,0.73143,1.37,1.00
2016.09.16 11:26:01.126,0.73125,0.73145,1.75,1.75
2016.09.16 11:26:01.575,0.73125,0.7315,1.75,3.37
2016.09.16 11:26:01.684,0.73126,0.7315,1.67,3.37
2016.09.16 11:26:01.845,0.73126,0.7315,1.67,1.75
2016.09.16 11:26:01.896,0.73126,0.7315,1.35,1.75
2016.09.16 11:26:07.514,0.7313,0.7315,1.30,1.75
2016.09.16 11:26:07.565,0.73126,0.7315,3.37,1.50
2016.09.16 11:26:07.615,0.73126,0.7315,2.62,1.50
2016.09.16 11:26:07.666,0.7313,0.7315,1.35,1.50
2016.09.16 11:26:09.364,0.73127,0.7315,1.75,1.50
2016.09.16 11:26:09.465,0.73126,0.7315,1.75,1.75
2016.09.16 11:26:09.516,0.73126,0.73149,1.75,2.62
2016.09.16 11:26:09.781,0.73125,0.73145,1.75,1.75
2016.09.16 11:26:11.667,0.73122,0.7314,1.35,1.00
2016.09.16 11:26:11.724,0.7312,0.7314,3.37,1.00
2016.09.16 11:26:11.880,0.73125,0.73145,1.75,1.75
2016.09.16 11:26:11.981,0.7312,0.73141,2.62,1.00
2016.09.16 11:26:15.787,0.73125,0.73145,1.75,1.75
2016.09.16 11:26:15.873,0.7312,0.7314,3.37,1.00
2016.09.16 11:26:17.234,0.7312,0.7314,1.75,1.00
2016.09.16 11:26:18.493,0.73125,0.73145,1.12,1.75
2016.09.16 11:26:19.494,0.73119,0.73141,3.97,1.00
2016.09.16 11:26:24.171,0.73124,0.73146,1.50,1.75
2016.09.16 11:26:28.424,0.73119,0.73141,3.97,1.00
2016.09.16 11:26:28.479,0.73119,0.73141,4.72,1.00
2016.09.16 11:26:28.926,0.73125,0.73145,1.12,1.75
2016.09.16 11:26:29.228,0.73125,0.73145,1.50,1.37
2016.09.16 11:26:31.036,0.73126,0.73145,1.35,1.37
2016.09.16 11:26:31.086,0.73126,0.73145,1.35,1.12
2016.09.16 11:26:31.238,0.73129,0.73146,1.00,1.37
2016.09.16 11:26:31.289,0.73126,0.73146,1.35,1.00
2016.09.16 11:26:31.441,0.73126,0.73146,1.67,1.75
2016.09.16 11:26:31.636,0.73124,0.73146,1.75,1.75
2016.09.16 11:26:31.743,0.73126,0.73146,1.67,1.75
2016.09.16 11:26:31.844,0.73126,0.73146,1.35,1.00
2016.09.16 11:26:32.008,0.73126,0.73145,1.35,1.00
2016.09.16 11:26:33.707,0.7313,0.7315,1.12,1.75
2016.09.16 11:26:34.607,0.73126,0.73146,1.35,1.00
2016.09.16 11:26:35.349,0.73129,0.73146,1.67,1.00
2016.09.16 11:26:36.910,0.7313,0.7315,1.12,1.75
2016.09.16 11:26:37.259,0.73129,0.73151,2.10,1.75
2016.09.16 11:26:40.427,0.73129,0.73151,1.50,1.75
2016.09.16 11:26:40.554,0.73126,0.73145,1.35,1.00
2016.09.16 11:26:40.967,0.73126,0.73145,1.67,1.12
2016.09.16 11:26:41.327,0.73125,0.73145,1.75,1.12
2016.09.16 11:26:46.391,0.73125,0.73145,1.12,1.50
2016.09.16 11:26:47.925,0.73124,0.73146,1.50,1.75
2016.09.16 11:26:48.124,0.73125,0.73145,1.12,1.50
2016.09.16 11:26:48.489,0.73125,0.73145,1.00,1.75
2016.09.16 11:26:48.592,0.73125,0.73145,1.00,2.10
2016.09.16 11:26:48.642,0.7312,0.7314,1.75,1.00
2016.09.16 11:26:48.845,0.7312,0.7314,1.12,1.75
2016.09.16 11:26:48.896,0.7312,0.7314,1.00,1.75
2016.09.16 11:26:51.395,0.73115,0.73135,2.10,1.12
2016.09.16 11:26:53.099,0.73115,0.73135,2.10,1.37
2016.09.16 11:27:02.168,0.73115,0.73136,1.67,1.50
2016.09.16 11:27:02.218,0.73114,0.73136,1.75,1.50
2016.09.16 11:27:02.370,0.73115,0.73135,1.50,1.37
2016.09.16 11:27:03.518,0.73115,0.73135,1.12,1.37
2016.09.16 11:27:03.719,0.7311,0.73133,2.10,2.62
2016.09.16 11:27:03.820,0.7311,0.73134,2.10,2.62
2016.09.16 11:27:03.870,0.73113,0.73132,1.00,1.00
2016.09.16 11:27:03.921,0.7311,0.73135,2.10,1.75
2016.09.16 11:27:03.972,0.73115,0.73134,1.00,1.00
2016.09.16 11:27:06.690,0.73115,0.73134,1.00,1.00
2016.09.16 11:27:06.740,0.73114,0.7314,3.37,2.62
2016.09.16 11:27:06.791,0.73114,0.73141,3.37,1.75
2016.09.16 11:27:07.879,0.73115,0.7314,1.75,1.75
2016.09.16 11:27:08.128,0.73117,0.73135,1.00,1.00
2016.09.16 11:27:11.925,0.73115,0.7314,1.75,1.75
2016.09.16 11:27:13.861,0.73119,0.73141,1.12,3.37
2016.09.16 11:27:14.036,0.73115,0.7314,1.75,1.75
2016.09.16 11:27:14.188,0.73119,0.73141,1.12,3.37
2016.09.16 11:27:14.289,0.73115,0.7314,1.75,1.75
2016.09.16 11:27:14.340,0.73115,0.7314,2.10,1.75
2016.09.16 11:27:14.390,0.7312,0.7314,1.00,1.75
2016.09.16 11:27:14.491,0.73115,0.7314,2.10,1.75
2016.09.16 11:27:14.592,0.73115,0.7314,2.10,3.37
2016.09.16 11:27:14.693,0.7312,0.7314,1.00,2.62
2016.09.16 11:27:15.014,0.73115,0.7314,1.50,3.37
2016.09.16 11:27:15.065,0.73112,0.7314,2.62,3.37
2016.09.16 11:27:15.116,0.73112,0.7314,3.37,3.37
2016.09.16 11:27:16.660,0.73114,0.7314,1.75,2.62
2016.09.16 11:27:16.900,0.73114,0.73142,1.75,2.62
2016.09.16 11:27:17.001,0.73114,0.73142,2.25,2.62
2016.09.16 11:27:17.261,0.73115,0.73143,1.75,4.50
2016.09.16 11:27:17.312,0.73115,0.73143,1.75,2.62
2016.09.16 11:27:18.102,0.73121,0.7314,1.00,1.00
2016.09.16 11:27:30.410,0.73121,0.7314,1.00,1.00
2016.09.16 11:27:30.612,0.73121,0.7314,1.00,1.00
2016.09.16 11:27:35.039,0.73118,0.73141,1.35,1.75
2016.09.16 11:27:37.649,0.73116,0.73141,2.62,1.75
2016.09.16 11:27:42.020,0.7312,0.73145,1.75,3.37
2016.09.16 11:27:43.154,0.7312,0.73145,1.75,1.75
2016.09.16 11:27:43.427,0.73119,0.73146,1.75,3.37
2016.09.16 11:27:43.528,0.7312,0.73145,1.75,1.75
2016.09.16 11:27:43.578,0.7312,0.7314,1.75,1.00
2016.09.16 11:27:43.629,0.7312,0.73144,1.75,2.62
2016.09.16 11:27:43.985,0.73121,0.73143,1.00,2.62
2016.09.16 11:27:44.036,0.7312,0.73143,1.50,2.62
2016.09.16 11:27:44.735,0.73115,0.7314,2.10,1.75
2016.09.16 11:27:45.016,0.7312,0.73143,1.50,2.62
2016.09.16 11:27:45.093,0.73115,0.73141,1.35,1.75
2016.09.16 11:27:45.485,0.73115,0.73141,1.35,1.50
2016.09.16 11:27:45.536,0.73116,0.73141,2.62,1.50
2016.09.16 11:27:45.880,0.73119,0.73144,1.75,2.62
2016.09.16 11:27:49.699,0.7312,0.73144,1.50,2.62
2016.09.16 11:27:53.045,0.7312,0.73144,1.37,2.62
2016.09.16 11:27:59.963,0.73115,0.73144,3.97,2.62
2016.09.16 11:28:00.013,0.73115,0.73144,3.37,2.62
2016.09.16 11:28:00.345,0.73115,0.73144,4.12,2.62
2016.09.16 11:28:00.497,0.73115,0.73144,3.37,2.62
2016.09.16 11:28:00.648,0.73115,0.73142,3.97,2.62
2016.09.16 11:28:00.699,0.73115,0.7314,2.10,2.62
2016.09.16 11:28:00.749,0.73116,0.7314,1.35,3.37
2016.09.16 11:28:00.942,0.7312,0.73143,1.50,2.62
2016.09.16 11:28:00.993,0.7312,0.73145,1.75,1.75
2016.09.16 11:28:01.043,0.73117,0.73145,3.22,1.75
2016.09.16 11:28:01.144,0.73117,0.73146,3.22,4.12
2016.09.16 11:28:05.561,0.73117,0.7314,3.22,1.12
2016.09.16 11:28:05.752,0.73117,0.7314,1.35,1.75
2016.09.16 11:28:07.461,0.73116,0.7314,2.62,1.75
2016.09.16 11:28:07.628,0.73115,0.73135,3.37,1.00
2016.09.16 11:28:07.679,0.73119,0.73135,1.00,1.00
2016.09.16 11:28:07.730,0.73119,0.73138,1.00,1.00
2016.09.16 11:28:07.781,0.73115,0.7314,1.75,3.37
2016.09.16 11:28:08.661,0.73112,0.73135,3.22,1.12
2016.09.16 11:28:08.950,0.73115,0.7314,1.75,3.37
2016.09.16 11:28:09.299,0.73114,0.7314,1.75,2.62
2016.09.16 11:28:09.771,0.73115,0.7314,1.75,3.37
2016.09.16 11:28:12.712,0.73112,0.73135,3.22,1.12
2016.09.16 11:28:12.763,0.73115,0.7314,1.75,3.37
2016.09.16 11:28:15.834,0.73112,0.73136,3.22,1.50
2016.09.16 11:28:17.156,0.73114,0.7314,1.75,2.62
2016.09.16 11:28:17.480,0.73112,0.73136,3.22,1.50
2016.09.16 11:28:17.637,0.73115,0.7314,1.75,3.37
2016.09.16 11:28:19.839,0.73112,0.73135,3.22,1.12
2016.09.16 11:28:19.898,0.73117,0.73135,1.00,1.37
2016.09.16 11:28:19.949,0.73112,0.73135,1.35,1.50
2016.09.16 11:28:24.960,0.73115,0.7314,1.50,3.37
2016.09.16 11:28:25.237,0.73112,0.7314,1.35,3.37
2016.09.16 11:28:25.562,0.73111,0.7314,3.22,3.37
2016.09.16 11:28:26.438,0.73111,0.7314,3.97,3.37
2016.09.16 11:28:27.049,0.73111,0.7314,3.22,3.37
2016.09.16 11:28:27.649,0.73111,0.7314,3.22,2.62
2016.09.16 11:28:27.780,0.73111,0.7314,3.22,3.37
2016.09.16 11:28:29.952,0.73111,0.7314,3.22,2.62
2016.09.16 11:28:30.252,0.73111,0.7314,3.22,3.37
2016.09.16 11:28:33.656,0.73111,0.7314,3.22,2.62
2016.09.16 11:28:34.661,0.73111,0.7314,3.22,3.37
2016.09.16 11:28:34.987,0.73111,0.7314,3.22,2.62
2016.09.16 11:28:35.088,0.73111,0.7314,3.22,3.37
2016.09.16 11:28:35.388,0.73111,0.7314,3.22,2.62
2016.09.16 11:28:35.588,0.73111,0.7314,3.22,3.37
2016.09.16 11:28:36.859,0.73111,0.7314,3.22,4.12
2016.09.16 11:28:37.270,0.73111,0.73139,1.35,2.62
2016.09.16 11:28:37.340,0.73114,0.73133,1.00,1.00
2016.09.16 11:28:38.779,0.7311,0.73135,2.10,1.75
2016.09.16 11:28:39.047,0.7311,0.73135,1.75,1.75
2016.09.16 11:28:39.358,0.73111,0.73129,1.00,1.00
2016.09.16 11:28:39.459,0.73112,0.73131,1.00,1.00
2016.09.16 11:28:39.699,0.73114,0.73131,1.00,1.00
2016.09.16 11:28:39.764,0.73112,0.73131,1.00,1.00
2016.09.16 11:28:40.166,0.73111,0.73129,1.00,1.00
2016.09.16 11:28:42.440,0.7311,0.73135,1.75,3.37
2016.09.16 11:28:42.491,0.7311,0.73135,1.75,1.75
2016.09.16 11:28:42.541,0.7311,0.73133,1.50,2.62
2016.09.16 11:28:42.898,0.73109,0.73133,1.75,2.62
2016.09.16 11:28:43.158,0.73109,0.73135,1.75,2.62
2016.09.16 11:28:43.208,0.7311,0.73135,1.75,3.37
2016.09.16 11:28:43.310,0.7311,0.73135,1.75,4.12
2016.09.16 11:28:43.361,0.73111,0.73129,1.00,1.00
2016.09.16 11:28:48.689,0.7311,0.73135,1.75,1.75
2016.09.16 11:28:49.194,0.7311,0.73135,3.37,1.75
2016.09.16 11:28:49.295,0.73115,0.73138,1.50,2.62
2016.09.16 11:28:50.878,0.73115,0.73137,1.00,2.62
2016.09.16 11:28:51.166,0.73115,0.73138,1.37,2.62
2016.09.16 11:28:51.756,0.73115,0.73132,1.37,1.00
2016.09.16 11:28:51.807,0.73115,0.73137,1.00,2.62
2016.09.16 11:28:51.908,0.7311,0.73135,1.75,1.75
2016.09.16 11:28:51.958,0.7311,0.73135,1.75,3.37
2016.09.16 11:28:52.558,0.73113,0.73135,1.00,3.37
2016.09.16 11:28:52.609,0.7311,0.73135,1.75,1.75
2016.09.16 11:28:57.285,0.73114,0.73138,1.37,2.62
2016.09.16 11:29:00.286,0.73114,0.73138,1.37,3.37
2016.09.16 11:29:00.337,0.7311,0.73135,1.75,1.75
2016.09.16 11:29:00.488,0.7311,0.73134,1.75,3.37
2016.09.16 11:29:00.539,0.73109,0.73134,1.75,3.37
2016.09.16 11:29:00.590,0.7311,0.7313,1.12,1.75
2016.09.16 11:29:04.734,0.7311,0.73132,1.12,2.62
2016.09.16 11:29:05.220,0.73109,0.73132,2.10,2.62
2016.09.16 11:29:05.321,0.7311,0.73132,1.12,2.62
2016.09.16 11:29:05.422,0.73113,0.73131,1.00,1.00
2016.09.16 11:29:06.185,0.7311,0.73134,1.75,1.75
2016.09.16 11:29:06.235,0.7311,0.73134,1.75,3.37
2016.09.16 11:29:06.286,0.7311,0.73134,1.37,5.25
2016.09.16 11:29:06.337,0.7311,0.7313,1.12,1.75
2016.09.16 11:29:06.438,0.73109,0.73133,2.10,3.37
2016.09.16 11:29:06.703,0.7311,0.73133,1.12,3.37
2016.09.16 11:29:08.335,0.7311,0.73133,1.12,2.62
2016.09.16 11:29:09.150,0.73109,0.73133,2.10,2.62
2016.09.16 11:29:09.536,0.7311,0.73133,1.12,3.37
2016.09.16 11:29:09.586,0.7311,0.73133,1.50,3.37
2016.09.16 11:29:09.640,0.7311,0.7313,1.75,1.50
2016.09.16 11:29:09.741,0.73109,0.73131,1.75,1.75
2016.09.16 11:29:09.899,0.7311,0.7313,1.75,1.50
2016.09.16 11:29:09.950,0.73114,0.73134,1.00,2.62
2016.09.16 11:29:10.001,0.73114,0.73134,1.12,2.62
2016.09.16 11:29:10.051,0.73115,0.73132,1.00,1.00
2016.09.16 11:29:10.203,0.73115,0.73135,1.12,1.75
2016.09.16 11:29:10.254,0.73115,0.73135,1.50,1.75
2016.09.16 11:29:10.647,0.73114,0.73136,1.75,1.75
2016.09.16 11:29:11.861,0.73115,0.73135,1.75,1.50
2016.09.16 11:29:12.013,0.73115,0.73135,1.50,1.75
2016.09.16 11:29:12.063,0.7311,0.7313,3.37,1.00
2016.09.16 11:29:12.312,0.7311,0.7313,1.75,1.00
2016.09.16 11:29:14.905,0.73113,0.7313,1.00,1.00
2016.09.16 11:29:14.956,0.7311,0.7313,1.75,1.12
2016.09.16 11:29:15.290,0.73109,0.73131,2.10,1.50
2016.09.16 11:29:16.658,0.73115,0.73135,1.00,1.75
2016.09.16 11:29:18.081,0.7311,0.7313,1.75,1.12
2016.09.16 11:29:18.182,0.73115,0.7313,1.00,1.00
2016.09.16 11:29:18.334,0.73115,0.73134,1.50,1.00
2016.09.16 11:29:21.130,0.73117,0.73135,1.00,1.50
2016.09.16 11:29:21.570,0.73117,0.73131,1.00,1.00
2016.09.16 11:29:21.621,0.7311,0.73131,3.22,1.00
2016.09.16 11:29:24.118,0.7311,0.7313,3.97,1.00
2016.09.16 11:29:24.219,0.7311,0.73131,3.22,1.00
2016.09.16 11:29:24.371,0.7311,0.73131,1.35,1.37
2016.09.16 11:29:24.777,0.7311,0.7313,2.10,1.12
2016.09.16 11:29:32.921,0.73111,0.7313,1.00,1.50
2016.09.16 11:29:35.557,0.7311,0.7313,1.50,1.75
2016.09.16 11:29:36.171,0.73105,0.73125,3.97,1.00
2016.09.16 11:29:36.272,0.7311,0.7313,1.50,1.75
2016.09.16 11:29:36.746,0.73115,0.73134,1.00,2.62
2016.09.16 11:29:36.948,0.7311,0.7313,1.50,1.50
2016.09.16 11:29:36.999,0.73111,0.7313,1.00,1.50
2016.09.16 11:29:37.049,0.73115,0.7313,1.00,1.00
2016.09.16 11:29:37.578,0.73111,0.7313,1.00,1.50
2016.09.16 11:29:41.139,0.73115,0.7313,1.00,1.00
2016.09.16 11:29:41.591,0.73111,0.7313,1.00,1.50
2016.09.16 11:29:42.243,0.7311,0.7313,1.75,1.50
2016.09.16 11:29:42.294,0.7311,0.7313,1.75,1.12
2016.09.16 11:29:43.045,0.7311,0.7313,1.75,1.37
2016.09.16 11:29:43.095,0.7311,0.7313,1.75,1.50
2016.09.16 11:29:43.146,0.7311,0.7313,1.50,1.50
2016.09.16 11:29:43.196,0.7311,0.7313,1.12,1.75
2016.09.16 11:29:43.247,0.7311,0.7313,1.37,1.75
2016.09.16 11:29:43.298,0.7311,0.7313,1.75,1.75
2016.09.16 11:29:44.823,0.73107,0.73125,1.35,1.00
2016.09.16 11:29:58.382,0.73106,0.73125,1.35,1.00
2016.09.16 11:29:58.721,0.73107,0.73125,1.35,1.00
2016.09.16 11:30:00.239,0.7311,0.7313,1.12,1.75
2016.09.16 11:30:00.289,0.7311,0.7313,2.10,1.50
2016.09.16 11:30:00.491,0.7311,0.73125,1.35,1.00
2016.09.16 11:30:00.744,0.73106,0.73126,3.22,1.00
2016.09.16 11:30:00.952,0.73109,0.73125,1.35,1.00
2016.09.16 11:30:01.104,0.7311,0.7313,1.75,1.12
2016.09.16 11:30:01.154,0.7311,0.7313,1.75,1.00
2016.09.16 11:30:01.205,0.73109,0.73125,3.22,1.00
2016.09.16 11:30:01.408,0.7311,0.7313,1.75,1.00
2016.09.16 11:30:02.725,0.7311,0.7313,2.10,1.00
2016.09.16 11:30:02.877,0.7311,0.73131,1.35,1.00
2016.09.16 11:30:03.099,0.7311,0.7313,2.10,1.00
2016.09.16 11:30:05.162,0.7311,0.73131,1.35,1.00
2016.09.16 11:30:05.363,0.7311,0.73125,1.35,1.00
2016.09.16 11:30:05.619,0.7311,0.7313,2.10,1.00
2016.09.16 11:30:14.005,0.7311,0.73125,1.35,1.00
2016.09.16 11:30:15.113,0.7311,0.7313,2.10,1.00
2016.09.16 11:30:15.294,0.7311,0.73131,1.35,1.00
2016.09.16 11:30:15.357,0.7311,0.7313,2.10,1.00
2016.09.16 11:30:15.510,0.7311,0.7313,1.35,1.00
2016.09.16 11:30:15.611,0.7311,0.73125,1.35,1.00
2016.09.16 11:30:15.813,0.7311,0.73131,1.35,1.37
2016.09.16 11:30:15.995,0.7311,0.7313,2.10,1.12
2016.09.16 11:30:17.971,0.7311,0.7313,2.10,1.00
2016.09.16 11:30:18.719,0.73112,0.7313,1.35,1.00
2016.09.16 11:30:21.272,0.73112,0.73125,1.35,1.00
2016.09.16 11:30:21.407,0.73112,0.73131,1.35,1.12
2016.09.16 11:30:22.008,0.73112,0.7313,1.35,1.00
2016.09.16 11:30:22.945,0.73112,0.73131,1.35,1.12
2016.09.16 11:30:23.191,0.73112,0.7313,1.35,1.00
2016.09.16 11:30:25.133,0.73112,0.73131,1.35,1.12
2016.09.16 11:30:27.644,0.73115,0.73135,1.12,1.75
2016.09.16 11:30:27.745,0.73112,0.7313,1.35,1.00
2016.09.16 11:30:30.652,0.73112,0.73131,1.35,1.12
2016.09.16 11:30:31.449,0.73112,0.7313,1.35,1.00
2016.09.16 11:30:31.500,0.73115,0.7313,1.00,1.00
2016.09.16 11:30:32.109,0.73115,0.73131,1.00,1.00
2016.09.16 11:30:32.666,0.73115,0.7313,1.00,1.00
2016.09.16 11:30:34.008,0.73115,0.73131,1.00,1.00
2016.09.16 11:30:36.419,0.73115,0.73134,1.00,1.00
2016.09.16 11:30:36.471,0.73115,0.73131,1.00,1.00
2016.09.16 11:30:37.020,0.73115,0.7313,1.00,1.00
2016.09.16 11:30:37.901,0.73112,0.7313,1.35,1.00
2016.09.16 11:30:38.033,0.73112,0.73131,1.35,1.12
2016.09.16 11:30:39.533,0.73112,0.7313,1.35,1.00
2016.09.16 11:30:43.088,0.73112,0.73131,1.35,1.12
2016.09.16 11:30:43.189,0.73112,0.73131,1.67,1.75
2016.09.16 11:30:43.340,0.73112,0.7313,1.67,1.50
2016.09.16 11:30:43.391,0.7311,0.7313,1.75,1.50
2016.09.16 11:30:43.626,0.73107,0.73126,1.35,1.00
2016.09.16 11:30:43.679,0.73107,0.73126,1.67,1.12
2016.09.16 11:30:43.730,0.73107,0.73126,1.67,1.50
2016.09.16 11:30:43.986,0.73107,0.73125,1.67,1.12
2016.09.16 11:30:45.132,0.73105,0.73125,1.75,1.12
2016.09.16 11:30:45.938,0.73105,0.73125,2.10,1.12
2016.09.16 11:30:47.157,0.73105,0.7312,1.35,1.00
2016.09.16 11:30:49.748,0.73105,0.73125,2.10,1.75
2016.09.16 11:30:49.799,0.73105,0.73125,2.10,1.12
2016.09.16 11:30:50.613,0.73105,0.73125,2.10,1.00
2016.09.16 11:30:51.010,0.7311,0.7313,1.50,1.75
2016.09.16 11:30:51.528,0.7311,0.7313,1.75,1.50
2016.09.16 11:30:51.579,0.73115,0.73135,1.00,3.37
2016.09.16 11:30:51.629,0.73115,0.73135,1.37,1.75
2016.09.16 11:30:51.731,0.73115,0.73135,1.75,1.50
2016.09.16 11:30:51.922,0.7312,0.7314,1.00,1.75
2016.09.16 11:30:51.973,0.73115,0.73135,1.75,1.50
2016.09.16 11:30:52.276,0.7312,0.7314,1.00,1.75
2016.09.16 11:30:52.327,0.7312,0.7314,1.12,1.75
2016.09.16 11:30:52.561,0.73114,0.73136,3.37,1.12
2016.09.16 11:30:55.128,0.73115,0.73135,1.75,1.00
2016.09.16 11:30:55.579,0.73114,0.73136,3.37,1.12
2016.09.16 11:30:56.957,0.73115,0.73135,1.75,1.00
2016.09.16 11:30:57.298,0.73115,0.73135,1.75,1.50
2016.09.16 11:31:00.160,0.73114,0.73136,1.75,1.75
2016.09.16 11:31:01.088,0.7312,0.7314,1.00,3.37
2016.09.16 11:31:03.353,0.7312,0.7314,1.00,1.75
2016.09.16 11:31:05.986,0.7312,0.73141,1.00,2.62
2016.09.16 11:31:06.188,0.73114,0.73141,2.25,3.37
2016.09.16 11:31:06.289,0.73114,0.73141,1.75,3.37
2016.09.16 11:31:07.769,0.73115,0.73135,1.75,1.12
2016.09.16 11:31:08.518,0.73114,0.73136,1.75,1.50
2016.09.16 11:31:08.881,0.73115,0.73135,1.75,1.12
2016.09.16 11:31:09.127,0.73115,0.7314,1.75,1.75
2016.09.16 11:31:09.372,0.73115,0.73135,1.75,1.12
2016.09.16 11:31:15.416,0.73113,0.7313,1.35,1.00
2016.09.16 11:31:17.330,0.73113,0.73131,1.35,1.00
2016.09.16 11:31:18.248,0.73115,0.73135,1.75,1.12
2016.09.16 11:31:18.452,0.73113,0.7313,1.35,1.00
2016.09.16 11:31:19.031,0.73113,0.73131,1.35,1.00
2016.09.16 11:31:19.132,0.73115,0.73135,1.75,1.12
2016.09.16 11:31:23.993,0.73114,0.73136,1.75,1.50
2016.09.16 11:31:24.347,0.73115,0.73135,1.75,1.12
2016.09.16 11:31:25.862,0.73119,0.73135,1.00,1.00
2016.09.16 11:31:28.055,0.73119,0.73136,1.00,1.00
2016.09.16 11:31:29.436,0.73119,0.73135,1.00,1.00
2016.09.16 11:31:31.424,0.73119,0.73141,2.10,1.75
2016.09.16 11:31:31.475,0.73121,0.73141,1.35,1.75
2016.09.16 11:31:31.576,0.73121,0.73146,1.35,1.75
2016.09.16 11:31:31.677,0.73121,0.7314,1.35,1.00
2016.09.16 11:31:42.653,0.73121,0.73141,1.35,1.12
2016.09.16 11:31:43.072,0.73121,0.73146,1.35,1.75
2016.09.16 11:31:43.407,0.73121,0.7314,1.35,1.00
2016.09.16 11:31:43.476,0.73124,0.7314,1.67,1.00
2016.09.16 11:31:49.815,0.73122,0.7314,1.35,1.00
2016.09.16 11:31:50.964,0.73122,0.73135,1.35,1.00
2016.09.16 11:31:54.416,0.73122,0.7314,1.35,1.00
2016.09.16 11:31:57.874,0.73122,0.73135,1.35,1.00
2016.09.16 11:31:58.507,0.73122,0.7314,1.35,1.00
2016.09.16 11:32:00.441,0.73125,0.7314,1.00,1.00
2016.09.16 11:32:00.492,0.73125,0.73144,1.50,1.00
2016.09.16 11:32:00.780,0.73125,0.7314,1.00,1.00
2016.09.16 11:32:02.882,0.73125,0.73144,1.50,1.00
2016.09.16 11:32:02.983,0.73125,0.7314,1.00,1.00
2016.09.16 11:32:03.320,0.73125,0.73144,1.50,1.00
2016.09.16 11:32:06.688,0.73125,0.7314,1.00,1.00
2016.09.16 11:32:06.988,0.73125,0.73144,1.50,1.00
2016.09.16 11:32:10.787,0.73125,0.73145,1.12,1.75
2016.09.16 11:32:10.837,0.73125,0.73142,1.00,1.00
2016.09.16 11:32:10.938,0.73123,0.7314,1.00,1.00
2016.09.16 11:32:10.989,0.7312,0.7314,1.75,1.37
2016.09.16 11:32:11.191,0.7312,0.7314,1.37,1.75
2016.09.16 11:32:26.924,0.7312,0.7314,1.37,1.50
2016.09.16 11:32:26.974,0.7312,0.7314,1.75,1.12
2016.09.16 11:32:27.025,0.73124,0.73146,1.37,1.75
2016.09.16 11:32:27.076,0.73126,0.73144,1.00,1.00
2016.09.16 11:32:27.227,0.73129,0.73149,1.12,1.35
2016.09.16 11:32:27.993,0.73129,0.73151,1.12,3.37
2016.09.16 11:32:29.726,0.73125,0.73145,1.75,1.12
2016.09.16 11:32:30.028,0.73121,0.73141,2.62,1.37
2016.09.16 11:32:30.079,0.73119,0.73141,2.25,1.75
2016.09.16 11:32:30.130,0.73119,0.73141,1.75,1.75
2016.09.16 11:32:30.231,0.7312,0.73144,1.50,2.62
2016.09.16 11:32:36.066,0.7312,0.7314,1.50,1.75
2016.09.16 11:32:36.225,0.7312,0.73144,1.50,2.62
2016.09.16 11:32:49.040,0.7312,0.73144,1.75,2.62
2016.09.16 11:32:49.090,0.7312,0.73145,1.75,1.75
2016.09.16 11:32:49.141,0.73119,0.73146,1.75,3.37
2016.09.16 11:32:53.344,0.7312,0.73145,1.75,1.75
2016.09.16 11:32:58.560,0.7312,0.7314,1.75,1.50
2016.09.16 11:32:58.610,0.7312,0.7314,1.50,1.75
2016.09.16 11:32:58.712,0.7312,0.73138,1.50,1.00
2016.09.16 11:32:58.914,0.7312,0.7314,1.00,1.75
2016.09.16 11:33:00.964,0.7312,0.73142,1.00,2.62
2016.09.16 11:33:01.371,0.73119,0.73142,1.12,2.62
2016.09.16 11:33:02.855,0.73115,0.7314,1.75,1.75
2016.09.16 11:33:03.556,0.7312,0.73142,1.00,2.62
2016.09.16 11:33:04.473,0.7312,0.7314,1.00,1.75
2016.09.16 11:33:04.997,0.73115,0.73135,1.75,1.00
2016.09.16 11:33:15.516,0.7312,0.7314,1.00,1.75
2016.09.16 11:33:17.216,0.7312,0.7314,1.12,1.75
2016.09.16 11:33:24.519,0.73114,0.73136,2.10,1.12
2016.09.16 11:33:24.919,0.7312,0.7314,1.12,1.75
2016.09.16 11:33:25.515,0.73115,0.7314,1.75,1.75
2016.09.16 11:33:25.772,0.73117,0.7314,1.35,1.37
2016.09.16 11:33:25.829,0.73119,0.7314,2.62,1.00
2016.09.16 11:33:26.232,0.73117,0.7314,3.22,1.12
2016.09.16 11:33:26.283,0.73117,0.7314,2.62,1.12
2016.09.16 11:33:27.312,0.73117,0.73141,2.62,1.37
2016.09.16 11:33:27.363,0.73116,0.73141,2.62,1.75
2016.09.16 11:33:27.413,0.73116,0.7314,2.62,1.50
2016.09.16 11:33:27.565,0.7312,0.73138,1.00,1.00
2016.09.16 11:33:30.800,0.7312,0.73138,1.50,1.00
2016.09.16 11:33:33.638,0.7312,0.73138,1.00,1.00
2016.09.16 11:33:37.491,0.73118,0.73137,1.00,1.00
2016.09.16 11:33:50.806,0.73112,0.73135,2.62,1.37
2016.09.16 11:33:50.857,0.73111,0.73135,2.62,1.75
2016.09.16 11:33:51.173,0.7311,0.73135,1.75,1.75
2016.09.16 11:33:53.121,0.73114,0.73135,1.00,1.75
2016.09.16 11:33:53.171,0.7311,0.73135,1.75,1.75
2016.09.16 11:33:53.702,0.7311,0.73135,1.75,3.37
2016.09.16 11:33:53.752,0.7311,0.73135,1.75,4.12
2016.09.16 11:33:54.126,0.7311,0.73135,1.75,3.37
2016.09.16 11:33:54.228,0.7311,0.73134,1.75,1.75
2016.09.16 11:33:54.329,0.7311,0.73135,1.75,3.37
2016.09.16 11:33:55.632,0.7311,0.7313,1.75,1.50
2016.09.16 11:33:55.733,0.7311,0.7313,1.37,1.75
