2017.01.02 02:00:28.215,0.73498,0.73697,0.75,0.75
2017.01.02 02:01:35.329,0.73498,0.73697,1.00,1.00
2017.01.02 02:01:46.958,0.73495,0.737,1.50,1.50
2017.01.02 02:01:47.569,0.73495,0.737,1.50,1.50
2017.01.02 02:03:07.024,0.73496,0.73695,0.75,0.75
2017.01.02 02:03:26.925,0.73496,0.73695,0.75,0.75
2017.01.02 02:05:06.977,0.73496,0.73695,0.75,0.75
2017.01.02 02:05:47.000,0.73495,0.73696,0.75,0.75
2017.01.02 02:06:07.021,0.73496,0.73697,0.75,0.75
2017.01.02 02:06:23.796,0.73505,0.73712,1.00,1.50
2017.01.02 02:06:24.063,0.73521,0.73726,1.50,1.50
2017.01.02 02:07:06.915,0.73524,0.73723,1.00,1.00
2017.01.02 02:07:26.935,0.73524,0.73723,0.75,0.75
2017.01.02 02:07:36.161,0.73519,0.73723,1.50,1.50
2017.01.02 02:07:36.276,0.73519,0.73723,1.50,1.50
2017.01.02 02:08:16.205,0.73519,0.73724,1.50,1.50
2017.01.02 02:12:16.236,0.73522,0.73721,0.75,0.75
2017.01.02 02:12:36.189,0.73521,0.73722,0.75,0.75
2017.01.02 02:13:16.236,0.73519,0.73724,1.50,1.50
2017.01.02 02:13:36.265,0.73519,0.73724,1.50,1.50
2017.01.02 02:14:36.217,0.73521,0.73722,0.75,0.75
2017.01.02 02:14:56.147,0.73522,0.73721,0.75,0.75
2017.01.02 02:15:36.197,0.73519,0.73722,1.50,1.00
2017.01.02 02:15:56.222,0.73519,0.73726,1.50,1.50
2017.01.02 02:16:36.171,0.73514,0.73721,1.50,1.37
2017.01.02 02:16:36.230,0.73514,0.73721,1.50,1.50
2017.01.02 02:16:56.196,0.73517,0.73724,1.50,1.50
2017.01.02 02:16:56.297,0.73521,0.7372,1.00,1.00
2017.01.02 02:17:26.923,0.73532,0.7372,1.00,1.00
2017.01.02 02:17:27.024,0.73532,0.73737,1.50,1.50
2017.01.02 02:19:06.952,0.73535,0.73734,0.75,0.75
2017.01.02 02:19:26.978,0.73535,0.73734,0.75,0.75
2017.01.02 02:21:38.364,0.73555,0.7374,1.00,1.50
2017.01.02 02:22:09.749,0.7356,0.7374,1.00,1.50
2017.01.02 02:22:10.268,0.73559,0.73741,1.00,1.50
2017.01.02 02:22:20.349,0.73555,0.73735,1.00,1.50
2017.01.02 02:22:26.941,0.73555,0.73734,1.00,1.00
2017.01.02 02:22:46.920,0.73555,0.73735,1.00,1.50
2017.01.02 02:23:00.361,0.73554,0.73736,1.00,1.50
2017.01.02 02:23:22.265,0.73535,0.7374,1.50,1.50
2017.01.02 02:23:22.316,0.73535,0.73724,1.50,1.00
2017.01.02 02:23:22.649,0.73535,0.73724,1.00,1.75
2017.01.02 02:23:36.233,0.73535,0.73721,1.00,1.75
2017.01.02 02:23:56.210,0.73535,0.73721,1.00,1.75
2017.01.02 02:24:31.554,0.73516,0.73722,1.50,1.50
2017.01.02 02:24:56.194,0.73515,0.73722,1.50,1.50
2017.01.02 02:24:56.854,0.73518,0.73718,1.00,1.00
2017.01.02 02:25:36.154,0.73516,0.73721,1.50,1.50
2017.01.02 02:26:56.229,0.73518,0.73718,0.75,0.75
2017.01.02 02:27:36.274,0.73518,0.73718,0.75,0.75
2017.01.02 02:28:56.272,0.73514,0.7372,1.50,1.50
2017.01.02 02:29:16.294,0.73514,0.73718,1.50,1.50
2017.01.02 02:29:36.193,0.73516,0.73716,1.00,1.00
2017.01.02 02:29:56.243,0.73514,0.73718,1.50,1.50
2017.01.02 02:32:36.355,0.73516,0.73716,0.75,0.75
2017.01.02 02:32:46.826,0.73517,0.73716,1.00,1.00
2017.01.02 02:32:47.017,0.73517,0.73722,1.37,1.50
2017.01.02 02:32:47.068,0.73517,0.73722,1.50,1.50
2017.01.02 02:33:16.250,0.73517,0.73722,1.50,1.50
2017.01.02 02:33:16.486,0.73518,0.73717,1.00,1.00
2017.01.02 02:33:36.316,0.73515,0.7372,1.50,1.50
2017.01.02 02:34:16.222,0.73518,0.73723,1.50,1.50
2017.01.02 02:34:16.307,0.73518,0.73723,1.50,1.50
2017.01.02 02:35:46.976,0.7352,0.73727,1.50,1.50
2017.01.02 02:35:47.586,0.7352,0.73727,1.50,1.50
2017.01.02 02:36:16.245,0.73515,0.73722,1.50,1.50
2017.01.02 02:36:16.296,0.73515,0.73722,1.50,1.50
2017.01.02 02:36:31.638,0.73494,0.73699,1.50,1.00
2017.01.02 02:36:31.789,0.73482,0.73687,1.50,1.00
2017.01.02 02:36:31.840,0.73482,0.73687,1.50,1.37
2017.01.02 02:36:31.890,0.73482,0.73687,1.50,1.50
2017.01.02 02:36:36.198,0.73479,0.73684,1.50,1.50
2017.01.02 02:36:36.298,0.73479,0.73684,1.50,1.50
2017.01.02 02:36:47.683,0.7351,0.73684,1.00,1.75
2017.01.02 02:37:47.955,0.73478,0.73685,1.50,1.50
2017.01.02 02:37:54.618,0.7351,0.73685,1.00,1.75
2017.01.02 02:37:56.195,0.7351,0.73685,1.00,1.75
2017.01.02 02:38:16.345,0.7351,0.7369,1.00,1.75
2017.01.02 02:39:16.206,0.7351,0.7372,1.00,1.75
2017.01.02 02:39:36.131,0.7351,0.7372,1.00,1.75
2017.01.02 02:40:01.639,0.73509,0.73721,1.00,1.75
2017.01.02 02:40:36.208,0.73509,0.73687,1.00,1.00
2017.01.02 02:40:41.541,0.7351,0.73687,1.00,1.00
2017.01.02 02:40:56.263,0.7351,0.7372,1.00,1.75
2017.01.02 02:41:36.339,0.7351,0.73687,1.00,1.00
2017.01.02 02:41:56.228,0.7351,0.7369,1.00,1.75
2017.01.02 02:43:56.271,0.7351,0.73691,1.00,1.75
2017.01.02 02:44:56.132,0.7351,0.73688,1.00,1.00
2017.01.02 02:45:16.160,0.7351,0.7372,1.00,1.75
2017.01.02 02:48:36.133,0.7351,0.73688,1.00,1.00
2017.01.02 02:48:56.160,0.7351,0.7372,1.00,1.75
2017.01.02 02:50:10.214,0.73486,0.73691,1.50,1.50
2017.01.02 02:50:56.226,0.73489,0.73688,1.00,1.00
2017.01.02 02:51:16.153,0.73486,0.73691,1.50,1.50
2017.01.02 02:51:36.176,0.73489,0.73688,1.00,1.00
2017.01.02 02:51:56.201,0.73487,0.73688,1.50,1.00
2017.01.02 02:52:16.259,0.73489,0.73689,1.00,1.00
2017.01.02 02:52:36.250,0.73487,0.73691,1.50,1.50
2017.01.02 02:57:16.219,0.73488,0.73692,1.50,1.50
2017.01.02 02:58:56.276,0.7349,0.7369,0.75,0.75
2017.01.02 02:59:16.299,0.7349,0.7369,0.75,0.75
2017.01.02 02:59:56.246,0.7349,0.7369,0.75,0.75
