2013.04.08 13:00:02.280,0.97278,0.973,1.58,1.13
2013.04.08 13:00:02.400,0.97278,0.973,1.58,2.55
2013.04.08 13:00:02.461,0.97275,0.97295,1.50,1.13
2013.04.08 13:00:04.673,0.97276,0.97298,1.28,1.65
2013.04.08 13:00:04.734,0.97278,0.973,1.58,2.25
2013.04.08 13:00:06.120,0.97278,0.97299,1.58,1.28
2013.04.08 13:00:06.361,0.97278,0.97295,1.58,1.28
2013.04.08 13:00:06.420,0.97276,0.97295,1.50,1.28
2013.04.08 13:00:06.663,0.97276,0.97294,1.13,1.88
2013.04.08 13:00:07.291,0.9728,0.973,1.58,1.13
2013.04.08 13:00:07.529,0.97281,0.973,1.50,1.13
2013.04.08 13:00:07.590,0.97282,0.973,1.58,1.13
2013.04.08 13:00:07.943,0.97279,0.973,1.95,1.13
2013.04.08 13:00:08.399,0.97282,0.973,1.50,1.13
2013.04.08 13:00:08.521,0.97282,0.973,1.50,1.13
2013.04.08 13:00:09.009,0.97282,0.973,1.50,1.13
2013.04.08 13:00:09.939,0.9728,0.973,1.13,1.13
2013.04.08 13:00:14.140,0.97277,0.97299,1.28,1.65
2013.04.08 13:00:15.250,0.97278,0.97299,1.65,1.65
2013.04.08 13:00:16.679,0.97276,0.97299,3.08,1.65
2013.04.08 13:00:20.399,0.97278,0.97299,1.65,1.65
2013.04.08 13:00:21.690,0.97278,0.97299,1.50,1.88
2013.04.08 13:00:21.812,0.97272,0.97294,2.25,1.88
2013.04.08 13:00:22.349,0.97272,0.97291,1.50,1.13
2013.04.08 13:00:28.660,0.9727,0.97292,1.73,1.28
2013.04.08 13:00:30.559,0.97268,0.97291,1.13,1.88
2013.04.08 13:00:34.546,0.97269,0.97291,1.65,1.13
2013.04.08 13:00:34.820,0.97271,0.97292,2.33,1.28
2013.04.08 13:00:34.881,0.97271,0.97293,2.33,1.28
2013.04.08 13:00:35.200,0.97273,0.97294,1.58,1.13
2013.04.08 13:00:35.727,0.97276,0.97296,1.50,1.13
2013.04.08 13:00:36.029,0.97277,0.97298,2.33,2.25
2013.04.08 13:00:36.219,0.97275,0.97296,1.50,1.13
2013.04.08 13:00:36.719,0.97275,0.97297,1.50,1.88
2013.04.08 13:00:38.121,0.97276,0.97295,1.50,1.28
2013.04.08 13:00:38.480,0.97272,0.97294,1.73,1.50
2013.04.08 13:00:50.399,0.97271,0.97293,2.33,1.50
2013.04.08 13:00:50.519,0.9727,0.97292,1.50,2.03
2013.04.08 13:00:50.819,0.97268,0.97289,1.58,1.13
2013.04.08 13:00:50.879,0.97267,0.97289,2.25,1.88
2013.04.08 13:00:55.350,0.97268,0.97289,1.50,3.00
2013.04.08 13:00:55.649,0.97271,0.97289,1.50,1.13
2013.04.08 13:00:56.441,0.97268,0.97289,1.65,1.13
2013.04.08 13:00:57.679,0.97271,0.97293,1.50,2.25
2013.04.08 13:00:58.119,0.97272,0.97294,1.58,1.50
2013.04.08 13:01:02.950,0.97272,0.97292,1.58,1.50
2013.04.08 13:01:03.009,0.97272,0.97292,1.50,2.25
2013.04.08 13:01:09.480,0.97271,0.97292,1.50,1.13
2013.04.08 13:01:10.203,0.97271,0.97294,3.45,1.13
2013.04.08 13:01:10.771,0.97273,0.97293,1.58,1.13
2013.04.08 13:01:11.470,0.97273,0.97294,1.58,1.50
2013.04.08 13:01:13.775,0.97272,0.97293,1.65,1.13
2013.04.08 13:01:14.471,0.97271,0.97293,1.65,1.13
2013.04.08 13:01:14.649,0.9727,0.97289,1.13,1.50
2013.04.08 13:01:15.600,0.97267,0.97289,1.13,1.50
2013.04.08 13:01:18.570,0.9727,0.97291,1.13,2.03
2013.04.08 13:01:20.233,0.97267,0.97289,2.33,1.28
2013.04.08 13:01:20.349,0.97262,0.97285,1.73,1.50
2013.04.08 13:01:20.409,0.97262,0.97284,1.58,1.13
2013.04.08 13:01:20.769,0.9726,0.97281,1.65,1.13
2013.04.08 13:01:25.609,0.97261,0.97283,1.50,1.50
2013.04.08 13:01:27.170,0.97265,0.97286,1.50,1.58
2013.04.08 13:01:27.230,0.97265,0.97287,1.50,1.20
2013.04.08 13:01:27.290,0.97267,0.97287,1.50,1.13
2013.04.08 13:01:27.409,0.97267,0.9729,1.50,1.95
2013.04.08 13:01:27.709,0.97272,0.97292,1.13,1.50
2013.04.08 13:01:27.949,0.97273,0.97294,1.65,1.28
2013.04.08 13:01:28.918,0.97276,0.97296,1.50,1.50
2013.04.08 13:01:29.401,0.97272,0.97293,1.95,1.65
2013.04.08 13:01:29.851,0.97274,0.97294,1.65,1.28
2013.04.08 13:01:34.832,0.97272,0.97293,1.13,2.03
2013.04.08 13:01:36.349,0.97269,0.97293,1.50,2.25
2013.04.08 13:01:36.710,0.97268,0.97289,1.50,1.50
2013.04.08 13:01:36.900,0.97266,0.97285,2.25,1.50
2013.04.08 13:01:37.487,0.97262,0.97285,1.50,2.25
2013.04.08 13:01:37.650,0.97262,0.97283,1.50,1.50
2013.04.08 13:01:38.313,0.97262,0.97285,1.50,2.25
2013.04.08 13:01:42.449,0.97259,0.97282,1.65,1.95
2013.04.08 13:01:43.329,0.97261,0.97282,1.50,1.13
2013.04.08 13:01:45.829,0.97259,0.97282,2.03,1.95
2013.04.08 13:01:51.669,0.97257,0.97279,1.13,1.58
2013.04.08 13:01:53.709,0.97255,0.97279,2.03,1.73
2013.04.08 13:02:00.110,0.97259,0.97279,1.50,1.65
2013.04.08 13:02:06.899,0.97256,0.9728,2.40,2.70
2013.04.08 13:02:07.420,0.97259,0.97279,1.88,1.50
2013.04.08 13:02:08.341,0.97259,0.97281,1.88,1.58
2013.04.08 13:02:10.210,0.97259,0.97278,1.13,1.58
2013.04.08 13:02:10.569,0.97259,0.97272,1.13,1.58
2013.04.08 13:02:11.070,0.97251,0.97272,2.18,1.58
2013.04.08 13:02:16.411,0.9725,0.97272,1.50,1.58
2013.04.08 13:02:18.611,0.9725,0.97272,1.50,1.58
2013.04.08 13:02:24.382,0.9725,0.9727,1.50,1.50
2013.04.08 13:02:26.310,0.97251,0.97272,1.58,1.50
2013.04.08 13:02:26.370,0.97254,0.97273,1.50,1.28
2013.04.08 13:02:26.770,0.97253,0.97273,1.50,1.28
2013.04.08 13:02:27.010,0.97251,0.9727,1.50,1.50
2013.04.08 13:02:33.339,0.97251,0.97273,1.50,2.10
2013.04.08 13:02:33.568,0.97251,0.9727,1.50,1.50
2013.04.08 13:02:36.169,0.97251,0.97273,1.50,2.85
2013.04.08 13:02:40.263,0.97252,0.97274,1.50,2.03
2013.04.08 13:02:42.421,0.97252,0.97275,1.50,1.65
2013.04.08 13:02:44.677,0.97256,0.97275,1.50,1.28
2013.04.08 13:02:45.261,0.97256,0.97274,1.50,1.28
2013.04.08 13:02:46.042,0.97256,0.97275,1.50,1.28
2013.04.08 13:02:48.690,0.97256,0.97276,1.50,2.25
2013.04.08 13:02:48.750,0.97256,0.97277,2.93,1.13
2013.04.08 13:02:48.930,0.97258,0.97279,1.50,1.50
2013.04.08 13:02:53.605,0.97257,0.97279,1.50,1.50
2013.04.08 13:02:54.030,0.97256,0.97278,2.10,1.58
2013.04.08 13:02:55.091,0.97256,0.97276,2.10,1.50
2013.04.08 13:03:07.471,0.97256,0.97278,1.58,1.50
2013.04.08 13:03:09.501,0.97257,0.97279,1.58,1.50
2013.04.08 13:03:12.590,0.97257,0.97279,2.33,1.50
2013.04.08 13:03:12.772,0.97257,0.97278,2.33,1.50
2013.04.08 13:03:12.831,0.97257,0.97276,1.50,1.13
2013.04.08 13:03:13.411,0.97256,0.97276,1.50,1.13
2013.04.08 13:03:14.831,0.97256,0.97276,1.50,1.13
2013.04.08 13:03:17.054,0.97253,0.97274,1.88,1.65
2013.04.08 13:03:17.532,0.97252,0.97274,1.50,1.65
2013.04.08 13:03:27.750,0.97253,0.97276,1.50,1.95
2013.04.08 13:03:28.051,0.97255,0.97278,1.50,1.50
2013.04.08 13:03:28.291,0.97255,0.97278,1.88,1.13
2013.04.08 13:03:28.412,0.97257,0.97279,1.50,1.58
2013.04.08 13:03:28.771,0.9726,0.97279,1.35,1.50
2013.04.08 13:03:28.830,0.97263,0.97284,1.58,1.88
2013.04.08 13:03:29.861,0.97263,0.97284,1.58,1.13
2013.04.08 13:03:30.040,0.97261,0.97281,1.50,2.25
2013.04.08 13:03:30.580,0.97256,0.97279,2.25,2.03
2013.04.08 13:03:30.811,0.97257,0.97279,1.58,2.03
2013.04.08 13:03:31.512,0.97259,0.97279,1.58,1.28
2013.04.08 13:03:32.559,0.97256,0.97278,2.33,1.13
2013.04.08 13:03:34.191,0.97256,0.97278,2.33,2.25
2013.04.08 13:03:34.380,0.97253,0.97274,1.58,1.13
2013.04.08 13:03:34.440,0.97252,0.97274,1.50,1.13
2013.04.08 13:03:37.242,0.97253,0.97275,1.50,1.13
2013.04.08 13:03:37.850,0.97252,0.97274,1.50,1.50
2013.04.08 13:03:38.881,0.97251,0.97271,1.50,1.50
2013.04.08 13:03:42.060,0.97247,0.97269,1.50,1.28
2013.04.08 13:03:42.300,0.97246,0.97269,2.40,2.03
2013.04.08 13:03:43.858,0.97246,0.97269,2.40,2.78
2013.04.08 13:03:44.240,0.97246,0.97267,1.65,1.13
2013.04.08 13:03:45.062,0.97245,0.97267,1.65,1.88
2013.04.08 13:03:45.790,0.97245,0.97266,1.65,1.13
2013.04.08 13:03:57.190,0.97245,0.97267,1.88,1.88
2013.04.08 13:03:57.558,0.97245,0.97267,1.88,1.88
2013.04.08 13:03:57.980,0.97247,0.97268,2.03,2.25
2013.04.08 13:03:58.121,0.97247,0.97271,3.60,2.63
2013.04.08 13:03:58.556,0.97251,0.97274,1.58,2.25
2013.04.08 13:04:00.451,0.97252,0.97274,1.50,2.25
2013.04.08 13:04:04.530,0.97251,0.97274,1.58,2.25
2013.04.08 13:04:11.020,0.97252,0.97274,1.50,2.25
2013.04.08 13:04:11.261,0.97254,0.97274,1.58,1.50
2013.04.08 13:04:12.910,0.97254,0.97274,1.58,1.13
2013.04.08 13:04:13.400,0.97254,0.97273,1.58,1.88
2013.04.08 13:04:15.940,0.97256,0.97276,1.50,1.28
2013.04.08 13:04:24.733,0.97257,0.97276,1.50,1.28
2013.04.08 13:04:27.032,0.97255,0.97275,1.58,1.28
2013.04.08 13:04:27.526,0.97256,0.97276,1.50,1.28
2013.04.08 13:04:30.720,0.97256,0.97276,1.50,1.50
2013.04.08 13:04:31.790,0.97252,0.97274,1.20,1.88
2013.04.08 13:04:32.411,0.97254,0.97274,1.13,1.50
2013.04.08 13:04:32.650,0.97256,0.97277,1.65,2.03
2013.04.08 13:04:35.371,0.97255,0.97277,1.65,1.65
2013.04.08 13:04:35.510,0.97256,0.97278,1.65,1.65
2013.04.08 13:04:35.571,0.97256,0.97278,2.03,1.65
2013.04.08 13:04:35.691,0.97259,0.97281,1.88,1.58
2013.04.08 13:04:36.111,0.97259,0.97278,1.13,1.50
2013.04.08 13:04:36.643,0.97257,0.97277,1.13,1.50
2013.04.08 13:04:39.197,0.97254,0.97276,1.88,1.13
2013.04.08 13:04:39.261,0.97252,0.97273,1.88,2.63
2013.04.08 13:04:39.321,0.9725,0.97273,1.50,2.63
2013.04.08 13:04:43.152,0.97255,0.97273,1.13,1.50
2013.04.08 13:04:43.405,0.97256,0.97277,2.33,1.58
2013.04.08 13:04:43.532,0.97258,0.97278,1.50,1.50
2013.04.08 13:04:44.073,0.97258,0.9728,1.50,1.58
2013.04.08 13:04:44.205,0.97261,0.9728,1.50,1.50
2013.04.08 13:04:44.870,0.97258,0.9728,1.58,1.50
2013.04.08 13:04:44.931,0.97258,0.97279,1.58,1.13
2013.04.08 13:04:45.002,0.97257,0.97277,1.88,1.13
2013.04.08 13:04:45.564,0.97256,0.97277,1.50,1.13
2013.04.08 13:04:45.820,0.97257,0.97279,1.58,1.13
2013.04.08 13:04:46.460,0.97254,0.97276,1.88,1.13
2013.04.08 13:04:46.581,0.97254,0.97273,1.13,1.58
2013.04.08 13:04:46.640,0.97252,0.97273,1.28,2.33
2013.04.08 13:04:47.000,0.97254,0.97273,1.50,1.13
2013.04.08 13:04:47.570,0.97256,0.97276,1.50,1.50
2013.04.08 13:04:48.070,0.97251,0.97272,1.65,1.58
2013.04.08 13:04:48.310,0.97253,0.97274,1.50,1.28
2013.04.08 13:04:48.830,0.97256,0.97276,1.50,1.50
2013.04.08 13:04:49.380,0.97254,0.97275,1.58,1.65
2013.04.08 13:04:49.440,0.97254,0.97274,1.58,2.03
2013.04.08 13:04:49.743,0.97254,0.97272,1.58,1.50
2013.04.08 13:04:50.040,0.97251,0.97273,1.50,1.50
2013.04.08 13:04:50.100,0.97251,0.97272,1.58,1.13
2013.04.08 13:04:50.474,0.97253,0.97272,1.50,1.13
2013.04.08 13:04:50.530,0.97253,0.97273,1.65,1.28
2013.04.08 13:04:50.773,0.97257,0.97276,1.58,1.13
2013.04.08 13:04:51.074,0.97259,0.97278,1.58,1.50
2013.04.08 13:04:53.080,0.97257,0.97278,2.25,1.13
2013.04.08 13:04:55.190,0.97258,0.97278,1.58,1.13
2013.04.08 13:04:55.949,0.97259,0.97281,1.13,1.28
2013.04.08 13:04:56.490,0.9726,0.97282,1.65,2.33
2013.04.08 13:04:58.143,0.97259,0.97282,1.13,3.08
2013.04.08 13:04:58.910,0.97257,0.97278,1.58,1.13
2013.04.08 13:04:59.030,0.97257,0.97278,1.50,2.25
2013.04.08 13:05:01.310,0.97259,0.97278,1.50,1.13
2013.04.08 13:05:02.432,0.97257,0.97277,2.33,1.13
2013.04.08 13:05:02.515,0.97256,0.97277,1.50,1.13
2013.04.08 13:05:02.761,0.97257,0.97279,1.58,1.50
2013.04.08 13:05:03.216,0.97259,0.9728,1.50,1.50
2013.04.08 13:05:04.000,0.97261,0.97282,3.08,1.20
2013.04.08 13:05:05.206,0.97262,0.97284,1.58,1.88
2013.04.08 13:05:12.380,0.97265,0.97283,1.50,1.50
2013.04.08 13:05:12.680,0.97261,0.97283,1.50,2.25
2013.04.08 13:05:12.862,0.97262,0.97283,1.58,1.50
2013.04.08 13:05:13.361,0.97264,0.97285,1.50,2.25
2013.04.08 13:05:13.640,0.97262,0.97282,1.50,1.13
2013.04.08 13:05:14.940,0.97262,0.97282,1.50,1.13
2013.04.08 13:05:19.392,0.97263,0.97284,1.13,1.58
2013.04.08 13:05:25.292,0.97263,0.97284,1.13,1.58
2013.04.08 13:05:25.653,0.97266,0.97286,1.13,2.33
2013.04.08 13:05:25.890,0.97267,0.97288,1.13,1.13
2013.04.08 13:05:27.559,0.97266,0.97289,1.88,3.83
2013.04.08 13:05:29.470,0.97265,0.97285,1.50,1.13
2013.04.08 13:05:40.300,0.97266,0.97288,2.25,1.13
2013.04.08 13:05:43.360,0.97267,0.97289,1.65,1.65
2013.04.08 13:05:43.869,0.97267,0.97288,1.65,1.65
2013.04.08 13:05:44.441,0.97267,0.97288,1.50,2.25
2013.04.08 13:05:54.200,0.97263,0.97285,1.50,2.03
2013.04.08 13:05:54.774,0.97267,0.97286,2.25,1.13
2013.04.08 13:05:58.899,0.97267,0.97286,1.50,1.88
2013.04.08 13:06:01.180,0.97267,0.97286,1.50,1.13
2013.04.08 13:06:03.259,0.97266,0.97286,2.25,1.13
2013.04.08 13:06:03.770,0.97263,0.97285,1.50,1.28
2013.04.08 13:06:10.020,0.97267,0.97287,1.50,1.13
2013.04.08 13:06:11.960,0.97267,0.97287,1.50,1.13
2013.04.08 13:06:13.180,0.97264,0.97284,1.50,1.65
2013.04.08 13:06:14.373,0.97261,0.97284,1.65,2.40
2013.04.08 13:06:14.500,0.97261,0.97283,1.50,1.13
2013.04.08 13:06:14.560,0.97261,0.9728,1.50,1.13
2013.04.08 13:06:15.040,0.97258,0.9728,1.50,1.88
2013.04.08 13:06:15.100,0.97255,0.97278,1.50,1.73
2013.04.08 13:06:16.469,0.97255,0.97278,1.50,1.73
2013.04.08 13:06:18.631,0.97257,0.97278,1.65,1.65
2013.04.08 13:06:22.082,0.97257,0.97279,1.65,1.65
2013.04.08 13:06:29.617,0.9726,0.97282,1.65,1.13
2013.04.08 13:06:37.521,0.97259,0.97282,2.03,1.20
2013.04.08 13:06:37.791,0.97259,0.9728,1.28,1.65
2013.04.08 13:06:38.950,0.97259,0.9728,1.28,1.65
2013.04.08 13:06:39.470,0.9726,0.97282,1.65,1.50
2013.04.08 13:06:40.410,0.9726,0.97282,1.65,1.50
2013.04.08 13:06:44.534,0.9726,0.97282,1.50,1.50
2013.04.08 13:06:45.960,0.97263,0.97284,1.58,2.25
2013.04.08 13:06:46.260,0.97265,0.97284,1.50,2.03
2013.04.08 13:06:46.441,0.97268,0.97288,1.58,1.50
2013.04.08 13:06:46.889,0.97267,0.97288,1.50,1.50
2013.04.08 13:06:47.201,0.97267,0.97289,1.50,2.25
2013.04.08 13:06:49.551,0.97265,0.97286,1.50,1.50
2013.04.08 13:06:51.530,0.97265,0.97286,1.50,1.13
2013.04.08 13:06:55.884,0.97266,0.97289,1.88,2.10
2013.04.08 13:06:56.131,0.97269,0.97289,1.50,1.65
2013.04.08 13:06:56.262,0.97269,0.97289,1.50,1.65
2013.04.08 13:06:56.981,0.97269,0.9729,1.50,1.13
2013.04.08 13:07:01.410,0.97272,0.97291,1.50,1.13
2013.04.08 13:07:02.450,0.97269,0.9729,1.50,1.13
2013.04.08 13:07:06.056,0.9727,0.9729,1.13,1.13
2013.04.08 13:07:06.474,0.97266,0.97287,1.88,1.13
2013.04.08 13:07:09.070,0.97266,0.97287,1.88,1.13
2013.04.08 13:07:10.156,0.97266,0.97287,1.50,1.13
2013.04.08 13:07:10.858,0.97266,0.97287,1.50,1.13
2013.04.08 13:07:11.010,0.97266,0.97287,1.50,1.13
2013.04.08 13:07:17.610,0.97269,0.97291,1.50,2.25
2013.04.08 13:07:17.670,0.97265,0.97288,2.25,1.50
2013.04.08 13:07:20.430,0.97267,0.97287,1.13,1.13
2013.04.08 13:07:23.411,0.97266,0.97287,1.13,1.13
2013.04.08 13:07:28.620,0.97261,0.97283,1.88,1.73
2013.04.08 13:07:28.741,0.97261,0.97281,1.50,1.13
2013.04.08 13:07:30.781,0.97256,0.97279,1.50,2.70
2013.04.08 13:07:31.081,0.97255,0.97277,1.50,1.13
2013.04.08 13:07:31.379,0.97252,0.97274,2.03,1.88
2013.04.08 13:07:32.104,0.97252,0.97274,2.78,1.88
2013.04.08 13:07:34.521,0.97252,0.97274,2.03,1.88
2013.04.08 13:07:45.065,0.97252,0.97274,2.03,1.13
2013.04.08 13:07:54.590,0.97253,0.97275,1.88,1.13
2013.04.08 13:07:54.951,0.97255,0.97274,1.13,1.13
2013.04.08 13:07:55.111,0.97255,0.97274,1.13,1.13
2013.04.08 13:07:55.679,0.97255,0.97274,1.13,1.13
2013.04.08 13:07:56.340,0.97255,0.97274,1.13,1.13
2013.04.08 13:07:57.660,0.97256,0.97277,2.33,1.13
2013.04.08 13:08:01.060,0.97254,0.97276,1.50,1.13
2013.04.08 13:08:02.012,0.97254,0.97276,1.50,1.13
2013.04.08 13:08:04.738,0.97253,0.97274,1.95,1.65
2013.04.08 13:08:05.351,0.97255,0.97274,1.13,1.65
2013.04.08 13:08:05.471,0.97256,0.97279,2.25,1.88
2013.04.08 13:08:06.510,0.97257,0.97279,1.65,1.13
2013.04.08 13:08:07.445,0.97262,0.97279,1.50,1.13
2013.04.08 13:08:07.540,0.97263,0.97285,1.13,1.65
2013.04.08 13:08:08.401,0.97262,0.97283,3.53,1.58
2013.04.08 13:08:08.464,0.97262,0.97283,2.40,1.58
2013.04.08 13:08:13.740,0.97262,0.97281,1.50,1.13
2013.04.08 13:08:19.399,0.97257,0.97277,1.50,1.13
2013.04.08 13:08:19.582,0.97258,0.9728,1.50,2.25
2013.04.08 13:08:21.940,0.97253,0.97276,1.13,2.10
2013.04.08 13:08:22.240,0.97253,0.97276,1.13,2.10
2013.04.08 13:08:22.761,0.97253,0.97276,1.50,1.73
2013.04.08 13:08:23.121,0.97253,0.97272,1.50,1.13
2013.04.08 13:08:23.311,0.97249,0.9727,1.35,1.65
2013.04.08 13:08:24.255,0.97248,0.97271,1.50,1.13
2013.04.08 13:08:26.030,0.97253,0.97273,1.58,1.13
2013.04.08 13:08:27.213,0.97246,0.97269,2.03,2.40
2013.04.08 13:08:27.289,0.97246,0.97269,1.65,2.03
2013.04.08 13:08:27.793,0.97254,0.97269,1.13,1.50
2013.04.08 13:08:27.850,0.97256,0.97278,2.33,1.50
2013.04.08 13:08:28.420,0.97255,0.97276,1.50,1.65
2013.04.08 13:08:28.720,0.97252,0.97274,1.28,1.50
2013.04.08 13:08:30.431,0.97253,0.97274,1.13,1.50
2013.04.08 13:08:31.020,0.97256,0.97276,1.13,1.50
2013.04.08 13:08:31.310,0.97257,0.97278,1.13,2.33
2013.04.08 13:08:32.060,0.97257,0.97278,1.13,1.58
2013.04.08 13:08:32.371,0.97259,0.97281,1.65,1.73
2013.04.08 13:08:32.767,0.97257,0.97279,1.95,1.50
2013.04.08 13:08:32.984,0.97257,0.97279,1.88,1.58
2013.04.08 13:08:34.572,0.97256,0.97277,1.50,1.13
2013.04.08 13:08:36.211,0.97257,0.97276,1.50,1.65
2013.04.08 13:08:36.672,0.97257,0.97277,1.50,1.13
2013.04.08 13:08:38.740,0.97254,0.97276,1.50,1.73
2013.04.08 13:08:43.703,0.97254,0.97276,1.88,1.73
2013.04.08 13:08:44.468,0.97254,0.97276,1.88,1.73
2013.04.08 13:08:48.994,0.97254,0.97276,1.50,1.73
2013.04.08 13:08:49.063,0.97256,0.97278,1.50,1.50
2013.04.08 13:08:49.433,0.97254,0.97277,1.50,1.95
2013.04.08 13:08:49.674,0.97254,0.97275,1.50,1.13
2013.04.08 13:08:53.906,0.97252,0.97274,1.73,1.13
2013.04.08 13:08:56.504,0.97254,0.97275,1.50,1.13
2013.04.08 13:09:04.882,0.97254,0.97275,1.88,1.13
2013.04.08 13:09:11.284,0.97254,0.97276,1.88,1.13
2013.04.08 13:09:11.624,0.97257,0.97278,1.28,1.73
2013.04.08 13:09:11.802,0.97257,0.97278,1.28,1.73
2013.04.08 13:09:21.422,0.97256,0.97277,1.13,1.65
2013.04.08 13:09:26.681,0.97256,0.97277,1.13,1.88
2013.04.08 13:09:34.511,0.97256,0.97277,1.50,1.13
2013.04.08 13:09:45.911,0.97256,0.97278,1.50,1.95
2013.04.08 13:09:47.330,0.97256,0.97278,1.50,1.58
2013.04.08 13:09:50.641,0.97258,0.97279,1.88,1.13
2013.04.08 13:09:51.031,0.97258,0.97279,1.88,1.13
2013.04.08 13:09:53.121,0.97256,0.97279,2.33,2.25
2013.04.08 13:09:55.872,0.97258,0.97279,1.50,1.50
2013.04.08 13:09:56.520,0.97255,0.97278,1.50,1.50
2013.04.08 13:09:57.361,0.97252,0.97276,2.25,2.10
2013.04.08 13:09:57.772,0.97258,0.97278,3.08,2.25
2013.04.08 13:09:59.330,0.97257,0.97278,1.58,2.25
2013.04.08 13:09:59.390,0.97255,0.97278,1.50,2.25
2013.04.08 13:09:59.660,0.97255,0.97278,1.50,1.50
2013.04.08 13:10:01.613,0.97258,0.97279,1.50,1.13
2013.04.08 13:10:02.086,0.97258,0.9728,1.50,1.13
2013.04.08 13:10:02.821,0.97259,0.97282,1.13,1.58
2013.04.08 13:10:12.121,0.97266,0.97288,1.50,1.50
2013.04.08 13:10:12.811,0.97264,0.97288,2.10,1.88
2013.04.08 13:10:13.137,0.97264,0.97285,1.28,1.50
2013.04.08 13:10:13.393,0.97267,0.97288,1.50,1.95
2013.04.08 13:10:14.910,0.97267,0.97289,1.50,2.33
2013.04.08 13:10:19.351,0.97267,0.97289,1.50,1.58
2013.04.08 13:10:21.832,0.97266,0.97285,1.50,1.13
2013.04.08 13:10:22.511,0.97263,0.97284,1.88,1.50
2013.04.08 13:10:26.788,0.97263,0.97284,1.88,1.13
2013.04.08 13:10:26.853,0.97267,0.97288,1.50,1.73
2013.04.08 13:10:27.031,0.9727,0.97291,1.13,1.88
2013.04.08 13:10:27.570,0.97269,0.97289,1.50,1.50
2013.04.08 13:10:28.206,0.97269,0.97289,1.50,1.50
2013.04.08 13:10:29.851,0.97267,0.97288,2.33,1.50
2013.04.08 13:10:30.845,0.97267,0.97288,1.58,1.50
2013.04.08 13:10:31.081,0.97263,0.97287,2.10,1.88
2013.04.08 13:10:31.141,0.97263,0.97287,2.10,1.88
2013.04.08 13:10:31.740,0.97265,0.97287,1.50,1.88
2013.04.08 13:10:34.040,0.97263,0.97287,1.73,1.88
2013.04.08 13:10:34.221,0.97263,0.97283,1.65,1.50
2013.04.08 13:10:34.280,0.97262,0.97283,1.13,1.50
2013.04.08 13:10:34.522,0.97257,0.97281,2.10,1.88
2013.04.08 13:10:34.896,0.97257,0.97279,1.58,1.28
2013.04.08 13:10:35.247,0.97259,0.97281,1.50,1.50
2013.04.08 13:10:35.591,0.97261,0.97283,1.88,1.73
2013.04.08 13:10:35.651,0.97263,0.97283,1.65,1.65
2013.04.08 13:10:36.191,0.97267,0.97286,1.50,1.50
2013.04.08 13:10:36.371,0.97266,0.97285,1.50,1.50
2013.04.08 13:10:36.550,0.97267,0.97285,1.58,1.13
2013.04.08 13:10:36.911,0.97269,0.97289,1.50,1.13
2013.04.08 13:10:37.451,0.97269,0.9729,1.50,1.50
2013.04.08 13:10:37.970,0.97267,0.97288,2.33,1.13
2013.04.08 13:10:38.031,0.97269,0.9729,1.50,1.50
2013.04.08 13:10:39.430,0.97267,0.97288,2.33,1.13
2013.04.08 13:10:40.562,0.97267,0.97286,2.25,1.13
2013.04.08 13:10:42.751,0.97262,0.97284,2.78,1.65
2013.04.08 13:10:42.870,0.97264,0.97285,1.58,1.13
2013.04.08 13:10:43.851,0.97266,0.97288,1.50,1.50
2013.04.08 13:10:44.142,0.97266,0.9729,2.25,2.10
2013.04.08 13:10:44.671,0.9727,0.9729,1.50,1.28
2013.04.08 13:10:46.581,0.97266,0.97289,2.25,1.50
2013.04.08 13:10:50.111,0.9727,0.97289,1.50,1.88
2013.04.08 13:10:54.032,0.97267,0.9729,1.73,2.03
2013.04.08 13:10:57.870,0.9727,0.9729,1.50,1.65
2013.04.08 13:10:58.485,0.97267,0.97289,1.65,1.50
2013.04.08 13:10:58.940,0.97267,0.97288,1.65,1.50
2013.04.08 13:10:59.511,0.97267,0.97288,1.50,1.65
2013.04.08 13:10:59.951,0.97267,0.9729,3.08,3.00
2013.04.08 13:11:00.481,0.97271,0.9729,1.50,1.13
2013.04.08 13:11:00.849,0.97271,0.97293,2.33,1.50
2013.04.08 13:11:01.692,0.97273,0.97293,1.50,1.13
2013.04.08 13:11:03.172,0.97271,0.97293,2.33,1.13
2013.04.08 13:11:12.663,0.97275,0.97295,1.28,1.58
2013.04.08 13:11:12.721,0.97276,0.97299,1.65,2.33
2013.04.08 13:11:12.962,0.97277,0.97299,1.13,2.25
2013.04.08 13:11:13.140,0.97279,0.97301,1.50,1.28
2013.04.08 13:11:13.441,0.97281,0.97303,2.33,1.50
2013.04.08 13:11:13.766,0.97281,0.97302,1.58,1.13
2013.04.08 13:11:13.981,0.97282,0.97303,1.58,2.25
2013.04.08 13:11:14.332,0.97281,0.97302,1.50,1.13
2013.04.08 13:11:14.966,0.97277,0.97298,1.20,1.50
2013.04.08 13:11:15.033,0.97275,0.97294,1.13,1.13
2013.04.08 13:11:15.511,0.97273,0.97294,1.88,1.13
2013.04.08 13:11:16.010,0.97271,0.97293,1.50,1.65
2013.04.08 13:11:16.071,0.9727,0.97291,1.28,1.50
2013.04.08 13:11:16.391,0.97268,0.9729,1.88,1.50
2013.04.08 13:11:18.182,0.97269,0.97291,1.65,1.50
2013.04.08 13:11:18.361,0.97271,0.97293,1.50,2.03
2013.04.08 13:11:18.540,0.97273,0.97294,1.58,2.25
2013.04.08 13:11:18.960,0.97273,0.97294,1.58,1.88
2013.04.08 13:11:19.671,0.97272,0.97291,1.50,1.50
2013.04.08 13:11:20.192,0.9727,0.97291,1.35,1.50
2013.04.08 13:11:20.631,0.97268,0.9729,2.25,1.50
2013.04.08 13:11:24.520,0.97269,0.97292,1.28,1.73
2013.04.08 13:11:25.376,0.97269,0.97292,1.28,1.73
2013.04.08 13:11:25.621,0.97271,0.97294,1.50,2.63
2013.04.08 13:11:25.682,0.97271,0.97293,1.50,1.65
2013.04.08 13:11:26.142,0.97271,0.97294,1.50,2.63
2013.04.08 13:11:26.635,0.97271,0.97293,1.50,1.65
2013.04.08 13:11:27.130,0.97272,0.97293,1.50,1.50
2013.04.08 13:11:27.371,0.97277,0.97297,1.13,1.58
2013.04.08 13:11:28.792,0.97276,0.97295,1.13,1.50
2013.04.08 13:11:29.611,0.97276,0.97297,1.13,1.58
2013.04.08 13:11:30.021,0.97274,0.97294,1.50,1.13
2013.04.08 13:11:30.200,0.97272,0.97294,1.88,1.88
2013.04.08 13:11:41.371,0.9727,0.97289,1.95,1.13
2013.04.08 13:11:41.430,0.97268,0.97289,1.50,1.13
2013.04.08 13:11:42.010,0.97267,0.97289,1.50,2.25
2013.04.08 13:11:42.582,0.97266,0.97289,1.50,2.25
2013.04.08 13:11:45.230,0.97265,0.97289,2.78,3.45
2013.04.08 13:11:49.591,0.97266,0.97285,1.13,1.58
2013.04.08 13:11:49.772,0.97262,0.97283,1.13,1.65
2013.04.08 13:11:49.891,0.97263,0.97287,1.65,3.08
2013.04.08 13:11:49.951,0.97266,0.97287,1.13,1.58
2013.04.08 13:11:50.191,0.97268,0.97288,1.13,1.50
2013.04.08 13:11:55.390,0.97268,0.97288,1.50,1.50
2013.04.08 13:11:55.852,0.97272,0.97292,1.88,1.88
2013.04.08 13:11:56.050,0.9727,0.9729,1.58,1.13
2013.04.08 13:11:56.111,0.97266,0.97289,2.70,1.65
2013.04.08 13:11:56.481,0.97265,0.97287,1.50,1.13
2013.04.08 13:11:56.901,0.97264,0.97286,1.50,1.20
2013.04.08 13:11:57.411,0.97266,0.97286,1.50,1.50
2013.04.08 13:11:58.072,0.97266,0.97287,1.50,1.50
2013.04.08 13:12:01.980,0.97262,0.97284,2.10,1.65
2013.04.08 13:12:02.811,0.97266,0.97286,1.50,1.50
2013.04.08 13:12:03.231,0.97262,0.97285,1.73,1.50
2013.04.08 13:12:04.510,0.97262,0.97285,1.73,1.50
2013.04.08 13:12:05.650,0.97264,0.97285,1.13,1.13
2013.04.08 13:12:05.711,0.97262,0.97285,2.48,1.28
2013.04.08 13:12:06.291,0.97262,0.97286,1.73,2.25
2013.04.08 13:12:06.351,0.97262,0.97275,1.50,1.13
2013.04.08 13:12:06.411,0.9726,0.97275,1.95,1.13
2013.04.08 13:12:06.771,0.9726,0.97274,1.58,1.28
2013.04.08 13:12:07.563,0.97256,0.97273,2.33,1.65
2013.04.08 13:12:07.636,0.97253,0.97275,1.65,1.50
2013.04.08 13:12:10.201,0.97253,0.97274,1.65,1.28
2013.04.08 13:12:10.947,0.97251,0.97274,2.25,1.65
2013.04.08 13:12:11.011,0.97251,0.97273,1.50,1.65
2013.04.08 13:12:11.611,0.97249,0.97269,1.58,1.13
2013.04.08 13:12:26.541,0.97249,0.97272,2.10,1.13
2013.04.08 13:12:27.940,0.97251,0.97273,1.50,1.50
2013.04.08 13:12:28.343,0.97251,0.97272,1.13,1.13
2013.04.08 13:12:28.691,0.97249,0.97269,2.03,1.50
2013.04.08 13:12:29.354,0.97251,0.97271,1.13,1.65
2013.04.08 13:12:30.740,0.97251,0.97272,1.88,1.13
2013.04.08 13:12:32.091,0.97249,0.97271,2.10,1.65
2013.04.08 13:12:33.578,0.97251,0.97272,1.50,1.13
2013.04.08 13:12:35.392,0.9725,0.9727,1.28,1.65
2013.04.08 13:12:35.991,0.97249,0.9727,1.28,1.65
2013.04.08 13:12:37.310,0.97251,0.9727,1.13,1.65
2013.04.08 13:12:37.901,0.97252,0.97273,1.13,1.88
2013.04.08 13:12:38.091,0.97253,0.97273,1.20,1.13
2013.04.08 13:12:38.457,0.97256,0.97273,1.20,1.13
2013.04.08 13:12:41.841,0.97256,0.97277,1.95,1.88
2013.04.08 13:12:58.673,0.97257,0.97278,1.13,1.13
2013.04.08 13:13:02.300,0.97263,0.97284,1.28,1.13
2013.04.08 13:13:03.240,0.97264,0.97285,1.13,1.13
2013.04.08 13:13:03.300,0.97263,0.97284,1.28,1.13
2013.04.08 13:13:04.121,0.97264,0.97285,1.13,1.13
2013.04.08 13:13:04.346,0.97263,0.97285,1.28,1.13
2013.04.08 13:13:05.512,0.97263,0.97284,1.28,1.13
2013.04.08 13:13:06.131,0.97261,0.97282,1.50,1.73
2013.04.08 13:13:09.661,0.9726,0.9728,1.50,1.50
2013.04.08 13:13:09.971,0.97258,0.9728,1.13,1.88
2013.04.08 13:13:10.401,0.97257,0.9728,1.13,1.88
2013.04.08 13:13:16.861,0.97256,0.97279,1.65,1.73
2013.04.08 13:13:16.922,0.97256,0.97274,1.50,1.13
2013.04.08 13:13:17.351,0.97251,0.97273,4.20,1.13
2013.04.08 13:13:17.411,0.97251,0.97273,2.70,1.13
2013.04.08 13:13:17.472,0.97252,0.97273,1.50,1.13
2013.04.08 13:13:23.422,0.97253,0.97274,1.50,1.88
2013.04.08 13:13:24.242,0.97252,0.97273,1.88,1.13
2013.04.08 13:13:29.227,0.97254,0.97273,1.13,1.13
2013.04.08 13:13:30.112,0.97256,0.97273,1.13,1.13
2013.04.08 13:13:30.361,0.97257,0.97276,1.88,1.50
2013.04.08 13:13:30.481,0.97257,0.97278,2.63,2.33
2013.04.08 13:13:30.663,0.9726,0.97281,1.13,1.50
2013.04.08 13:13:30.723,0.97262,0.97281,1.13,1.50
2013.04.08 13:13:30.781,0.97262,0.97284,1.88,1.50
2013.04.08 13:13:30.901,0.97264,0.97286,1.95,1.65
2013.04.08 13:13:31.022,0.97264,0.97284,1.13,1.50
2013.04.08 13:13:31.321,0.97263,0.97284,1.13,3.08
2013.04.08 13:13:31.442,0.97261,0.97282,2.63,1.58
2013.04.08 13:13:32.816,0.97261,0.97282,3.00,1.58
2013.04.08 13:13:32.888,0.97265,0.97287,1.50,1.50
2013.04.08 13:13:34.394,0.97266,0.97288,1.28,1.50
2013.04.08 13:13:34.942,0.97266,0.97288,2.03,1.50
2013.04.08 13:13:35.372,0.97266,0.97286,1.28,1.58
2013.04.08 13:13:39.422,0.97266,0.97289,1.28,3.90
2013.04.08 13:13:40.322,0.97265,0.97287,2.25,1.50
2013.04.08 13:13:41.282,0.97265,0.97288,2.25,1.50
2013.04.08 13:13:42.005,0.97268,0.97289,1.13,2.40
2013.04.08 13:13:46.671,0.97266,0.97288,1.28,1.58
2013.04.08 13:13:47.431,0.97266,0.97287,1.13,1.13
2013.04.08 13:13:49.529,0.97264,0.97286,1.20,1.65
2013.04.08 13:13:56.432,0.97261,0.97284,3.08,1.50
2013.04.08 13:13:57.502,0.97261,0.97283,2.33,1.50
2013.04.08 13:13:57.561,0.9726,0.97281,1.50,1.13
2013.04.08 13:13:57.621,0.97259,0.97279,1.13,1.65
2013.04.08 13:13:57.924,0.97256,0.97279,1.50,1.65
2013.04.08 13:13:58.327,0.97259,0.9728,1.20,1.65
2013.04.08 13:13:58.633,0.97261,0.9728,1.13,1.50
2013.04.08 13:13:58.693,0.97262,0.97282,1.50,1.58
2013.04.08 13:13:58.751,0.97263,0.97283,1.28,2.25
2013.04.08 13:13:59.112,0.9726,0.97283,1.95,1.88
2013.04.08 13:13:59.472,0.97257,0.97278,1.95,1.13
2013.04.08 13:13:59.591,0.97257,0.97277,1.50,1.13
2013.04.08 13:14:00.142,0.97257,0.97277,1.50,1.13
2013.04.08 13:14:00.382,0.97253,0.97276,2.25,1.73
2013.04.08 13:14:00.502,0.97253,0.97273,1.13,1.13
2013.04.08 13:14:00.625,0.9725,0.97272,2.25,1.13
2013.04.08 13:14:00.811,0.97248,0.97268,1.58,1.13
2013.04.08 13:14:01.320,0.9725,0.97271,1.50,2.25
2013.04.08 13:14:02.181,0.97246,0.97268,1.58,1.13
2013.04.08 13:14:04.894,0.97248,0.97268,1.50,1.13
2013.04.08 13:14:05.923,0.97251,0.97271,1.13,1.58
2013.04.08 13:14:06.161,0.9725,0.97271,1.28,1.95
2013.04.08 13:14:06.221,0.97251,0.97273,1.95,1.13
2013.04.08 13:14:07.161,0.97253,0.97274,1.58,1.13
2013.04.08 13:14:07.492,0.97256,0.97275,1.50,1.13
2013.04.08 13:14:08.068,0.97257,0.97278,1.50,2.25
2013.04.08 13:14:14.241,0.97256,0.97278,1.88,2.70
2013.04.08 13:14:15.261,0.97257,0.97278,1.13,2.70
2013.04.08 13:14:16.095,0.97258,0.97278,1.13,1.88
2013.04.08 13:14:18.556,0.97258,0.97278,1.50,1.13
2013.04.08 13:14:19.152,0.97258,0.97278,1.50,3.38
2013.04.08 13:14:19.271,0.97255,0.97275,1.50,1.13
2013.04.08 13:14:19.390,0.97253,0.97273,1.65,2.18
2013.04.08 13:14:19.631,0.97251,0.97272,1.50,2.93
2013.04.08 13:14:20.391,0.9725,0.97271,1.13,1.88
2013.04.08 13:14:20.751,0.97253,0.97273,1.50,1.13
2013.04.08 13:14:20.931,0.97258,0.97279,1.50,1.58
2013.04.08 13:14:21.562,0.97256,0.97279,1.58,2.33
2013.04.08 13:14:21.804,0.97256,0.97279,3.08,1.13
2013.04.08 13:14:22.691,0.9726,0.9728,1.50,1.13
2013.04.08 13:14:22.811,0.97256,0.97279,2.33,1.95
2013.04.08 13:14:23.004,0.97256,0.97278,1.50,1.65
2013.04.08 13:14:27.481,0.97256,0.97279,2.25,1.95
2013.04.08 13:14:27.541,0.97257,0.97279,1.58,1.88
2013.04.08 13:14:29.152,0.97259,0.97279,1.50,1.13
2013.04.08 13:14:35.822,0.9726,0.97281,1.13,1.95
2013.04.08 13:14:36.000,0.97257,0.97279,2.48,1.65
2013.04.08 13:14:47.090,0.97257,0.97278,1.65,1.58
2013.04.08 13:14:49.733,0.97255,0.97278,1.13,1.58
2013.04.08 13:14:50.091,0.97256,0.97279,2.03,1.65
2013.04.08 13:14:56.461,0.97258,0.97281,1.88,1.13
2013.04.08 13:14:58.012,0.97258,0.97281,1.88,1.88
2013.04.08 13:15:01.411,0.97258,0.97278,1.13,1.50
2013.04.08 13:15:02.554,0.97259,0.9728,1.88,1.65
2013.04.08 13:15:03.241,0.97259,0.9728,1.50,1.28
2013.04.08 13:15:03.621,0.97257,0.97279,1.65,1.73
2013.04.08 13:15:04.801,0.97259,0.97281,1.50,1.50
2013.04.08 13:15:05.041,0.97261,0.97281,1.50,1.13
2013.04.08 13:15:06.671,0.97262,0.97284,1.65,1.13
2013.04.08 13:15:14.911,0.97267,0.97289,1.50,1.13
2013.04.08 13:15:14.971,0.97267,0.9729,1.88,3.45
2013.04.08 13:15:17.621,0.97269,0.97291,1.65,1.58
2013.04.08 13:15:21.033,0.97274,0.97296,1.65,1.73
2013.04.08 13:15:21.090,0.97275,0.97297,1.65,1.28
2013.04.08 13:15:22.340,0.97273,0.97296,1.13,1.73
2013.04.08 13:15:25.620,0.97273,0.97296,1.13,1.73
2013.04.08 13:15:26.063,0.97276,0.97298,1.50,3.08
2013.04.08 13:15:26.181,0.97276,0.97298,1.50,1.50
2013.04.08 13:15:26.550,0.97279,0.97301,1.50,2.25
2013.04.08 13:15:29.480,0.97279,0.97301,1.50,2.25
2013.04.08 13:15:29.911,0.97279,0.97301,1.50,2.25
2013.04.08 13:15:30.410,0.97276,0.97298,1.50,3.00
2013.04.08 13:15:37.070,0.97276,0.97298,1.50,2.03
2013.04.08 13:15:37.500,0.97276,0.97299,1.50,1.28
2013.04.08 13:15:40.192,0.9728,0.973,1.50,1.13
2013.04.08 13:15:40.412,0.9728,0.973,1.50,1.13
2013.04.08 13:15:40.801,0.9728,0.973,1.50,1.13
2013.04.08 13:15:41.091,0.9728,0.973,1.50,1.13
2013.04.08 13:15:41.290,0.9728,0.97302,1.50,1.73
2013.04.08 13:15:42.601,0.97283,0.97303,1.50,1.88
2013.04.08 13:15:46.841,0.97282,0.97303,1.13,1.20
2013.04.08 13:15:49.121,0.9728,0.97303,1.88,1.95
2013.04.08 13:15:49.181,0.9728,0.97303,1.88,2.70
2013.04.08 13:15:49.910,0.97277,0.97302,1.88,2.85
2013.04.08 13:15:49.992,0.97277,0.97299,1.13,1.50
2013.04.08 13:15:50.191,0.97277,0.97299,1.13,1.50
2013.04.08 13:15:51.390,0.97277,0.97298,1.13,1.50
2013.04.08 13:15:51.941,0.97277,0.97299,1.13,1.50
2013.04.08 13:15:55.821,0.97277,0.97299,1.50,1.50
2013.04.08 13:15:56.348,0.97281,0.97301,1.13,1.73
2013.04.08 13:15:56.880,0.97281,0.97303,1.88,1.13
2013.04.08 13:15:56.940,0.97281,0.97305,2.25,2.33
2013.04.08 13:16:04.431,0.97282,0.97305,1.28,1.95
2013.04.08 13:16:06.421,0.97284,0.97306,1.88,1.13
2013.04.08 13:16:10.381,0.97284,0.97306,1.50,1.13
2013.04.08 13:16:10.621,0.97289,0.97308,1.13,1.58
2013.04.08 13:16:10.682,0.97291,0.97312,1.65,1.13
2013.04.08 13:16:11.102,0.9729,0.97311,1.28,1.58
2013.04.08 13:16:11.491,0.97289,0.97311,1.13,1.58
2013.04.08 13:16:11.771,0.97291,0.97312,1.65,1.13
2013.04.08 13:16:13.481,0.97291,0.97311,1.65,1.50
2013.04.08 13:16:13.541,0.97289,0.9731,1.88,1.58
2013.04.08 13:16:14.081,0.97289,0.97308,1.13,1.50
2013.04.08 13:16:14.331,0.9729,0.9731,1.65,1.50
2013.04.08 13:16:14.452,0.97286,0.97309,1.65,1.88
2013.04.08 13:16:14.810,0.97285,0.97306,1.13,1.58
2013.04.08 13:16:15.171,0.97288,0.9731,1.50,1.13
2013.04.08 13:16:15.553,0.9729,0.97311,1.13,1.50
2013.04.08 13:16:15.732,0.9729,0.97311,1.13,1.50
2013.04.08 13:16:16.211,0.97293,0.97314,1.50,1.13
2013.04.08 13:16:30.603,0.97296,0.97317,1.50,1.13
2013.04.08 13:16:36.901,0.97299,0.97321,1.65,2.10
2013.04.08 13:16:39.011,0.97303,0.97323,1.50,1.13
2013.04.08 13:16:39.643,0.97303,0.97323,1.50,1.13
2013.04.08 13:16:40.401,0.97307,0.97326,1.13,3.38
2013.04.08 13:16:40.522,0.97307,0.97327,1.13,1.13
2013.04.08 13:16:40.882,0.97309,0.97329,1.65,1.28
2013.04.08 13:16:41.513,0.97309,0.9733,1.65,1.28
2013.04.08 13:16:42.692,0.97307,0.9733,1.13,2.10
2013.04.08 13:16:58.201,0.97306,0.97329,1.65,1.13
2013.04.08 13:17:02.451,0.97306,0.97329,1.65,1.58
2013.04.08 13:17:05.132,0.97309,0.9733,1.13,1.50
2013.04.08 13:17:05.312,0.97309,0.97332,1.13,1.58
2013.04.08 13:17:05.371,0.97309,0.97332,1.13,1.58
2013.04.08 13:17:05.507,0.97312,0.97332,1.50,1.50
2013.04.08 13:17:06.932,0.97311,0.9733,1.65,1.13
2013.04.08 13:17:07.291,0.97307,0.97326,1.50,1.50
2013.04.08 13:17:07.412,0.97304,0.97324,1.50,1.13
2013.04.08 13:17:08.873,0.97304,0.97324,1.50,1.13
2013.04.08 13:17:08.991,0.97307,0.97327,1.65,1.88
2013.04.08 13:17:09.052,0.97307,0.9733,1.65,2.33
2013.04.08 13:17:09.559,0.97312,0.97332,1.50,1.50
2013.04.08 13:17:14.203,0.9731,0.9733,1.50,1.50
2013.04.08 13:17:16.791,0.97309,0.97331,1.50,1.50
2013.04.08 13:17:17.582,0.97313,0.97332,1.50,1.50
2013.04.08 13:17:20.317,0.97311,0.97332,1.58,1.13
2013.04.08 13:17:23.422,0.97313,0.97332,1.50,1.13
2013.04.08 13:17:25.521,0.97313,0.97335,1.50,2.33
2013.04.08 13:17:29.032,0.97312,0.97333,1.50,1.65
2013.04.08 13:17:33.391,0.97312,0.97335,1.58,3.00
2013.04.08 13:17:33.712,0.97317,0.97338,1.50,2.93
2013.04.08 13:17:35.412,0.97316,0.97338,2.25,1.50
2013.04.08 13:17:35.955,0.97314,0.97337,1.65,1.65
2013.04.08 13:17:36.281,0.97313,0.97337,1.65,3.23
2013.04.08 13:17:36.403,0.97312,0.97334,1.50,1.50
2013.04.08 13:17:43.881,0.97312,0.97335,1.88,1.58
2013.04.08 13:17:46.551,0.97312,0.97333,1.88,1.50
2013.04.08 13:17:48.532,0.97312,0.97333,1.50,1.88
2013.04.08 13:17:50.592,0.97312,0.97333,1.50,1.13
2013.04.08 13:17:50.871,0.97312,0.97333,1.50,2.25
2013.04.08 13:17:54.152,0.97308,0.97328,1.50,1.13
2013.04.08 13:17:54.212,0.97307,0.97328,1.50,1.88
2013.04.08 13:17:54.937,0.97308,0.97328,1.50,1.88
2013.04.08 13:17:55.006,0.97309,0.97328,1.58,1.13
2013.04.08 13:17:55.131,0.97309,0.9733,2.10,1.65
2013.04.08 13:17:55.254,0.97311,0.97332,1.50,1.95
2013.04.08 13:17:56.501,0.97312,0.97333,1.58,1.13
2013.04.08 13:17:57.283,0.97314,0.97334,1.50,1.13
2013.04.08 13:18:05.753,0.97311,0.97334,2.33,1.88
2013.04.08 13:18:07.651,0.97314,0.97334,1.50,1.13
2013.04.08 13:18:08.231,0.97312,0.97333,1.58,1.13
2013.04.08 13:18:13.515,0.97314,0.97334,1.50,1.50
2013.04.08 13:18:25.461,0.97315,0.97336,1.50,1.13
2013.04.08 13:18:29.812,0.97315,0.97336,1.50,1.13
2013.04.08 13:18:37.041,0.97318,0.97338,1.88,1.13
2013.04.08 13:18:37.162,0.97318,0.97338,1.88,1.13
2013.04.08 13:18:37.821,0.97321,0.97341,1.50,1.13
2013.04.08 13:18:39.292,0.97321,0.97341,1.50,1.13
2013.04.08 13:18:39.928,0.97321,0.97341,1.50,1.13
2013.04.08 13:18:41.412,0.97326,0.97343,1.13,1.13
2013.04.08 13:18:41.892,0.97325,0.97345,1.50,1.50
2013.04.08 13:18:42.443,0.97321,0.97343,1.65,1.28
2013.04.08 13:18:42.623,0.97318,0.97339,1.50,1.13
2013.04.08 13:18:43.203,0.97315,0.97337,1.50,1.50
2013.04.08 13:18:43.441,0.97315,0.97337,1.50,1.65
2013.04.08 13:18:45.821,0.97313,0.97335,1.50,1.50
2013.04.08 13:18:47.653,0.97313,0.97335,1.50,1.50
2013.04.08 13:18:49.286,0.97316,0.97337,1.65,1.13
2013.04.08 13:18:51.142,0.97322,0.97342,1.88,1.13
2013.04.08 13:18:54.249,0.97322,0.97343,1.65,1.13
2013.04.08 13:18:59.502,0.97322,0.97344,1.65,1.13
2013.04.08 13:19:01.398,0.97322,0.97343,1.65,1.13
2013.04.08 13:19:03.463,0.97322,0.97338,1.50,1.50
2013.04.08 13:19:04.401,0.97314,0.97337,1.50,1.88
2013.04.08 13:19:07.704,0.97312,0.97335,1.88,1.50
2013.04.08 13:19:07.891,0.97315,0.97337,1.50,1.28
2013.04.08 13:19:08.452,0.97317,0.97337,1.88,1.13
2013.04.08 13:19:08.572,0.97317,0.97337,1.13,1.13
2013.04.08 13:19:16.132,0.97315,0.97337,1.50,1.13
2013.04.08 13:19:17.611,0.97319,0.97338,1.50,1.13
2013.04.08 13:19:18.888,0.97319,0.97339,1.50,1.13
2013.04.08 13:19:20.369,0.97317,0.97338,2.33,1.50
2013.04.08 13:19:22.019,0.97319,0.97339,1.50,1.13
2013.04.08 13:19:22.262,0.9732,0.97342,1.50,1.88
2013.04.08 13:19:22.385,0.97322,0.97344,1.58,1.88
2013.04.08 13:19:22.622,0.97321,0.97342,1.88,1.13
2013.04.08 13:19:24.223,0.97322,0.97342,1.50,1.13
2013.04.08 13:19:37.423,0.97324,0.97345,1.50,2.25
2013.04.08 13:19:39.902,0.97324,0.97345,1.50,2.25
2013.04.08 13:19:41.192,0.97326,0.97346,1.50,1.13
2013.04.08 13:19:41.722,0.97326,0.97346,1.50,1.13
2013.04.08 13:19:46.883,0.97326,0.97346,1.50,1.88
2013.04.08 13:19:47.781,0.97327,0.97347,1.58,1.13
2013.04.08 13:19:48.131,0.9733,0.97348,1.50,1.13
2013.04.08 13:20:03.084,0.97323,0.97343,1.50,2.40
2013.04.08 13:20:04.352,0.97323,0.97343,1.50,1.65
2013.04.08 13:20:05.094,0.97323,0.97343,1.50,1.65
2013.04.08 13:20:06.022,0.97323,0.97343,1.50,1.28
2013.04.08 13:20:06.533,0.97323,0.97343,1.50,2.40
2013.04.08 13:20:06.592,0.97321,0.97343,2.33,1.65
2013.04.08 13:20:07.465,0.97321,0.97341,1.58,1.13
2013.04.08 13:20:07.830,0.97317,0.97335,1.50,1.35
2013.04.08 13:20:10.962,0.97312,0.97332,1.13,1.73
2013.04.08 13:20:11.142,0.97311,0.97329,2.03,1.58
2013.04.08 13:20:11.203,0.97307,0.97327,1.13,1.13
2013.04.08 13:20:14.608,0.97303,0.97323,1.50,1.13
2013.04.08 13:20:15.106,0.97304,0.97326,1.50,1.13
2013.04.08 13:20:16.478,0.97304,0.97326,1.50,1.13
2013.04.08 13:20:16.602,0.97306,0.97327,1.50,1.28
2013.04.08 13:20:16.842,0.97309,0.9733,1.28,1.58
2013.04.08 13:20:16.904,0.97311,0.97331,1.50,1.50
2013.04.08 13:20:17.202,0.97312,0.97334,1.50,2.25
2013.04.08 13:20:18.201,0.97313,0.97334,1.13,1.50
2013.04.08 13:20:18.554,0.97313,0.97335,1.88,1.50
2013.04.08 13:20:18.932,0.97317,0.97338,1.50,2.03
2013.04.08 13:20:20.891,0.97317,0.97339,2.70,1.13
2013.04.08 13:20:24.865,0.9732,0.9734,1.50,1.13
2013.04.08 13:20:25.043,0.9732,0.97341,1.65,1.65
2013.04.08 13:20:25.222,0.97321,0.97341,2.25,1.13
2013.04.08 13:20:25.762,0.97325,0.97344,1.65,1.13
2013.04.08 13:20:27.583,0.97326,0.97347,1.65,1.28
2013.04.08 13:20:32.132,0.97324,0.97345,1.13,1.50
2013.04.08 13:20:36.143,0.97323,0.97344,1.13,1.50
2013.04.08 13:20:36.221,0.97321,0.97341,1.50,1.28
2013.04.08 13:20:36.492,0.97319,0.97341,1.50,2.10
2013.04.08 13:20:36.552,0.97317,0.97339,1.35,1.50
2013.04.08 13:20:38.911,0.97316,0.97339,2.25,1.58
2013.04.08 13:20:41.102,0.97316,0.97337,1.13,1.13
2013.04.08 13:20:41.652,0.97311,0.97332,2.03,1.73
2013.04.08 13:20:41.823,0.97311,0.97332,2.03,1.73
2013.04.08 13:20:42.243,0.97312,0.97332,1.13,1.58
2013.04.08 13:20:42.762,0.97313,0.97333,1.50,1.50
2013.04.08 13:20:44.372,0.97313,0.97333,1.13,1.88
2013.04.08 13:20:44.881,0.9731,0.97332,1.65,1.73
2013.04.08 13:20:46.532,0.9731,0.97332,2.03,1.73
2013.04.08 13:20:47.108,0.97315,0.97337,1.50,2.85
2013.04.08 13:20:51.911,0.97313,0.97336,1.88,1.95
2013.04.08 13:20:52.151,0.97317,0.97338,1.50,3.45
2013.04.08 13:21:06.854,0.97317,0.97338,1.58,1.65
2013.04.08 13:21:07.520,0.97319,0.9734,1.13,1.50
2013.04.08 13:21:07.892,0.97317,0.97337,1.13,1.50
2013.04.08 13:21:08.642,0.97318,0.97338,1.13,1.50
2013.04.08 13:21:11.112,0.97319,0.9734,1.13,1.58
2013.04.08 13:21:16.222,0.97318,0.97338,1.50,1.13
2013.04.08 13:21:19.752,0.97316,0.97338,1.73,1.50
2013.04.08 13:21:20.473,0.97315,0.97338,1.65,2.33
2013.04.08 13:21:23.461,0.97316,0.97337,1.73,1.28
2013.04.08 13:21:30.826,0.97316,0.97337,1.58,1.13
2013.04.08 13:21:31.013,0.97315,0.97335,1.50,1.13
2013.04.08 13:21:31.431,0.97313,0.97333,1.50,1.13
2013.04.08 13:21:31.492,0.97316,0.97338,1.50,1.58
2013.04.08 13:21:34.962,0.97317,0.97339,2.33,2.63
2013.04.08 13:21:47.222,0.97317,0.97338,2.33,1.50
2013.04.08 13:22:02.742,0.97317,0.97337,1.50,2.25
2013.04.08 13:22:03.372,0.97313,0.97334,2.40,1.65
2013.04.08 13:22:03.911,0.97316,0.97335,1.50,1.13
2013.04.08 13:22:04.622,0.97316,0.97335,2.25,1.13
2013.04.08 13:22:04.681,0.97317,0.97335,1.58,1.13
2013.04.08 13:22:07.202,0.97319,0.97338,1.50,1.50
2013.04.08 13:22:07.863,0.97321,0.97339,1.58,1.13
2013.04.08 13:22:13.472,0.9732,0.97335,1.50,1.13
2013.04.08 13:22:14.902,0.9732,0.9734,1.65,1.88
2013.04.08 13:22:21.202,0.9732,0.9734,1.65,1.13
2013.04.08 13:22:21.325,0.97325,0.97343,1.50,1.28
2013.04.08 13:22:21.502,0.97326,0.97345,1.88,1.13
2013.04.08 13:22:21.742,0.97329,0.97352,1.28,1.73
2013.04.08 13:22:22.131,0.97332,0.97353,1.50,2.25
2013.04.08 13:22:24.983,0.9733,0.97352,1.58,1.65
2013.04.08 13:22:26.602,0.9733,0.97352,1.58,1.65
2013.04.08 13:22:26.725,0.97327,0.97349,1.95,1.50
2013.04.08 13:22:27.262,0.97327,0.97345,1.58,1.13
2013.04.08 13:22:28.652,0.97329,0.97349,1.13,1.50
2013.04.08 13:22:28.832,0.97331,0.97353,1.65,2.48
2013.04.08 13:22:28.892,0.97331,0.97353,1.65,1.65
2013.04.08 13:22:29.582,0.97332,0.97354,1.95,2.40
2013.04.08 13:22:34.232,0.97333,0.97355,2.70,1.13
2013.04.08 13:22:36.722,0.97337,0.97355,1.58,1.13
2013.04.08 13:22:39.391,0.97339,0.97362,2.48,1.13
2013.04.08 13:22:43.673,0.97342,0.97362,1.50,1.13
2013.04.08 13:22:44.872,0.9734,0.9736,1.50,1.65
2013.04.08 13:22:44.931,0.97337,0.9736,2.70,1.65
2013.04.08 13:22:45.973,0.97337,0.97357,1.88,1.50
2013.04.08 13:22:46.092,0.97337,0.97359,1.88,2.33
2013.04.08 13:22:46.153,0.97337,0.97357,1.50,1.13
2013.04.08 13:22:46.212,0.97337,0.97356,1.50,1.13
2013.04.08 13:22:46.392,0.97337,0.97356,2.33,1.13
2013.04.08 13:22:48.862,0.9734,0.97358,1.50,1.13
2013.04.08 13:22:49.393,0.97337,0.97356,2.33,1.13
2013.04.08 13:22:56.789,0.97337,0.97356,1.50,1.13
2013.04.08 13:22:57.352,0.97337,0.97357,1.50,1.13
2013.04.08 13:22:59.442,0.97337,0.97356,1.50,1.13
2013.04.08 13:23:00.862,0.97337,0.97357,1.50,1.13
2013.04.08 13:23:01.402,0.97337,0.97356,1.50,1.13
2013.04.08 13:23:02.937,0.97334,0.97356,2.10,1.13
2013.04.08 13:23:03.152,0.97334,0.97354,1.28,1.65
2013.04.08 13:23:09.512,0.97334,0.97354,1.50,1.50
2013.04.08 13:23:09.692,0.97334,0.97356,1.50,1.73
2013.04.08 13:23:10.203,0.97336,0.97358,1.88,1.13
2013.04.08 13:23:15.227,0.9734,0.9736,1.50,1.65
2013.04.08 13:23:18.452,0.97339,0.9736,1.28,1.65
2013.04.08 13:23:18.844,0.97339,0.9736,1.28,1.65
2013.04.08 13:23:25.772,0.9734,0.9736,1.58,1.65
2013.04.08 13:23:26.132,0.97343,0.97363,1.50,1.13
2013.04.08 13:23:26.493,0.97347,0.97368,2.25,1.50
2013.04.08 13:23:26.675,0.97347,0.97366,1.50,1.50
2013.04.08 13:23:26.745,0.97346,0.97363,1.50,1.13
2013.04.08 13:23:26.993,0.97341,0.97363,1.50,1.88
2013.04.08 13:23:29.171,0.97341,0.97363,1.50,1.88
2013.04.08 13:23:42.213,0.97343,0.97363,1.65,1.50
2013.04.08 13:23:46.042,0.97342,0.97363,1.50,2.33
2013.04.08 13:23:55.962,0.97342,0.97363,1.88,1.50
2013.04.08 13:23:59.854,0.97343,0.97363,2.40,1.50
2013.04.08 13:24:00.282,0.97341,0.97362,1.13,1.58
2013.04.08 13:24:10.142,0.97343,0.97363,1.65,1.50
2013.04.08 13:24:13.955,0.97345,0.97367,1.50,1.50
2013.04.08 13:24:16.224,0.97344,0.97364,1.13,1.50
2013.04.08 13:24:16.342,0.97342,0.97364,1.88,1.65
2013.04.08 13:24:16.704,0.97342,0.97362,1.13,1.13
2013.04.08 13:24:17.376,0.97342,0.97363,1.88,1.13
2013.04.08 13:24:18.374,0.97342,0.97363,1.13,1.95
2013.04.08 13:24:19.184,0.9734,0.9736,1.13,1.50
2013.04.08 13:24:28.011,0.97337,0.97358,1.88,1.50
2013.04.08 13:24:28.808,0.97339,0.97359,1.13,1.50
2013.04.08 13:24:32.163,0.9734,0.9736,1.65,1.28
2013.04.08 13:24:39.025,0.97339,0.9736,2.25,1.65
2013.04.08 13:25:04.506,0.97341,0.9736,1.13,1.50
2013.04.08 13:25:05.674,0.97345,0.97365,1.65,1.50
2013.04.08 13:25:10.513,0.97343,0.97364,1.13,1.50
2013.04.08 13:25:16.181,0.97344,0.97365,1.65,1.50
2013.04.08 13:25:24.262,0.97344,0.97364,1.13,1.50
2013.04.08 13:25:24.616,0.97342,0.97361,1.13,1.50
2013.04.08 13:25:24.682,0.97339,0.9736,1.50,1.13
2013.04.08 13:25:25.042,0.97335,0.97356,2.03,1.58
2013.04.08 13:25:42.353,0.97335,0.97354,1.50,1.50
2013.04.08 13:25:43.313,0.97333,0.97353,1.50,1.50
2013.04.08 13:25:43.879,0.97333,0.97355,1.50,1.50
2013.04.08 13:25:45.447,0.97333,0.97356,1.50,1.65
2013.04.08 13:25:46.123,0.97334,0.97355,1.13,1.50
2013.04.08 13:25:46.304,0.97333,0.97355,1.13,1.50
2013.04.08 13:25:46.364,0.97331,0.97351,1.50,1.65
2013.04.08 13:25:49.719,0.97327,0.9735,1.65,1.50
2013.04.08 13:25:50.202,0.97332,0.97353,1.50,1.13
2013.04.08 13:25:50.394,0.97333,0.97353,1.50,1.13
2013.04.08 13:25:51.863,0.97333,0.97354,1.50,1.13
2013.04.08 13:25:52.633,0.97333,0.97354,1.50,1.88
2013.04.08 13:25:53.903,0.97334,0.97354,1.13,1.50
2013.04.08 13:25:54.394,0.97336,0.97358,1.65,2.33
2013.04.08 13:25:54.902,0.97336,0.97356,1.65,1.28
2013.04.08 13:25:57.962,0.97336,0.97356,1.65,1.28
2013.04.08 13:26:04.865,0.97336,0.97356,1.65,1.28
2013.04.08 13:26:08.643,0.97336,0.97356,1.65,1.28
2013.04.08 13:26:09.144,0.97336,0.97358,1.65,1.58
2013.04.08 13:26:20.173,0.97337,0.97357,1.50,3.53
2013.04.08 13:26:20.233,0.97334,0.97353,1.58,1.13
2013.04.08 13:26:20.294,0.97332,0.97353,2.33,1.13
2013.04.08 13:26:20.473,0.97332,0.97353,1.50,1.13
2013.04.08 13:26:20.537,0.97332,0.97353,2.33,1.13
2013.04.08 13:26:21.165,0.97334,0.97353,1.50,1.13
2013.04.08 13:26:21.442,0.97335,0.97356,1.65,1.13
2013.04.08 13:26:21.622,0.97336,0.97358,1.95,1.65
2013.04.08 13:26:22.024,0.97341,0.97361,1.88,1.13
2013.04.08 13:26:26.015,0.97341,0.97361,2.25,1.13
2013.04.08 13:26:26.663,0.97342,0.97364,1.50,2.25
2013.04.08 13:26:27.011,0.97344,0.97364,1.50,1.50
2013.04.08 13:26:29.056,0.97344,0.97364,1.50,1.28
2013.04.08 13:26:29.571,0.97346,0.97365,1.50,1.13
2013.04.08 13:26:30.043,0.97347,0.97365,1.58,1.13
2013.04.08 13:26:31.812,0.97345,0.97367,1.65,1.88
2013.04.08 13:26:31.933,0.97347,0.97367,1.58,1.13
2013.04.08 13:26:32.703,0.97346,0.97366,1.50,1.65
2013.04.08 13:26:33.502,0.97344,0.97364,1.28,1.50
2013.04.08 13:26:33.983,0.97345,0.97367,1.65,1.20
2013.04.08 13:26:34.543,0.97346,0.97367,1.50,1.88
2013.04.08 13:26:35.372,0.97346,0.97364,1.58,1.13
2013.04.08 13:26:35.492,0.97343,0.97364,1.50,1.13
2013.04.08 13:26:35.552,0.97346,0.97365,1.50,1.28
2013.04.08 13:26:35.993,0.97342,0.97364,1.50,2.25
2013.04.08 13:26:36.413,0.97341,0.97359,2.25,1.13
2013.04.08 13:26:39.351,0.97341,0.97361,1.65,1.28
2013.04.08 13:26:39.652,0.97342,0.97363,1.65,1.50
2013.04.08 13:26:42.683,0.97345,0.97366,1.50,1.13
2013.04.08 13:26:42.742,0.97347,0.97368,1.65,1.28
2013.04.08 13:26:43.111,0.97347,0.97369,1.65,2.25
2013.04.08 13:26:46.851,0.97351,0.97374,2.40,2.03
2013.04.08 13:26:50.402,0.97349,0.97371,2.25,1.50
2013.04.08 13:26:50.644,0.97351,0.97372,1.73,1.13
2013.04.08 13:26:50.702,0.97351,0.97373,1.73,1.28
2013.04.08 13:26:50.822,0.9735,0.97373,2.03,1.65
2013.04.08 13:26:51.042,0.9735,0.97372,1.28,1.50
2013.04.08 13:26:51.372,0.97353,0.97373,1.13,2.40
2013.04.08 13:26:51.892,0.97357,0.97379,1.13,1.50
2013.04.08 13:26:52.312,0.97358,0.9738,1.20,1.50
2013.04.08 13:26:54.013,0.97358,0.97379,1.13,1.50
2013.04.08 13:26:57.884,0.97355,0.97378,1.58,1.50
2013.04.08 13:26:58.045,0.97355,0.97375,1.50,1.50
2013.04.08 13:27:01.592,0.97353,0.97373,2.03,1.50
2013.04.08 13:27:01.912,0.97353,0.97373,1.13,1.88
2013.04.08 13:27:02.392,0.97351,0.97373,1.65,3.83
2013.04.08 13:27:02.693,0.97347,0.97369,1.88,2.48
2013.04.08 13:27:02.754,0.97346,0.97369,1.50,2.48
2013.04.08 13:27:02.872,0.97344,0.97363,1.28,1.50
2013.04.08 13:27:06.082,0.97344,0.97363,1.28,1.50
2013.04.08 13:27:09.493,0.97345,0.97366,1.13,1.58
2013.04.08 13:27:09.988,0.97347,0.97368,1.50,1.73
2013.04.08 13:27:10.054,0.97347,0.97369,1.50,1.28
2013.04.08 13:27:10.657,0.97347,0.9737,1.50,1.50
2013.04.08 13:27:13.246,0.97346,0.97369,1.58,2.03
2013.04.08 13:27:14.442,0.97346,0.97368,1.58,1.28
2013.04.08 13:27:16.865,0.97343,0.97364,1.65,1.50
2013.04.08 13:27:17.373,0.97344,0.97364,1.50,1.88
2013.04.08 13:27:17.912,0.9734,0.97363,1.50,1.73
2013.04.08 13:27:19.913,0.9734,0.97363,1.50,1.73
2013.04.08 13:27:32.093,0.9734,0.9736,1.50,1.13
2013.04.08 13:27:39.184,0.97339,0.97359,1.50,1.88
2013.04.08 13:27:39.624,0.97339,0.97359,1.50,1.13
2013.04.08 13:27:42.104,0.97339,0.97359,1.50,1.13
2013.04.08 13:27:42.463,0.97335,0.97357,1.50,1.13
2013.04.08 13:27:43.113,0.97336,0.97356,1.50,1.50
2013.04.08 13:27:44.394,0.97336,0.97356,1.50,1.50
2013.04.08 13:27:45.143,0.97333,0.97354,1.50,1.28
2013.04.08 13:27:45.663,0.97337,0.97359,1.50,2.25
2013.04.08 13:27:46.064,0.97338,0.97359,1.50,2.25
2013.04.08 13:27:47.265,0.97335,0.97357,1.50,1.13
2013.04.08 13:27:49.463,0.97335,0.97355,1.50,1.13
2013.04.08 13:27:50.634,0.97335,0.97357,1.50,2.25
2013.04.08 13:27:51.852,0.97335,0.97357,1.88,1.28
2013.04.08 13:27:52.153,0.97337,0.97359,1.73,2.25
2013.04.08 13:27:52.334,0.97336,0.97358,1.65,1.65
2013.04.08 13:27:53.091,0.97337,0.97358,1.28,1.65
2013.04.08 13:27:53.154,0.97343,0.97363,2.25,1.13
2013.04.08 13:27:54.122,0.97345,0.97364,1.50,1.28
2013.04.08 13:27:56.633,0.97345,0.97365,1.50,2.03
2013.04.08 13:27:57.217,0.97345,0.97365,1.50,2.03
2013.04.08 13:27:58.478,0.97345,0.97365,1.50,2.03
2013.04.08 13:28:00.485,0.97345,0.97365,1.50,2.03
2013.04.08 13:28:02.380,0.97345,0.97365,1.50,2.03
2013.04.08 13:28:03.763,0.97345,0.97365,1.50,1.28
2013.04.08 13:28:04.783,0.97345,0.97366,1.50,1.13
2013.04.08 13:28:06.615,0.97345,0.97365,1.50,2.03
2013.04.08 13:28:09.642,0.97345,0.97366,1.50,1.50
2013.04.08 13:28:13.932,0.97345,0.97366,1.50,1.13
2013.04.08 13:28:18.053,0.97349,0.97368,1.50,1.13
2013.04.08 13:28:18.553,0.97345,0.97367,1.50,1.13
2013.04.08 13:28:19.682,0.97345,0.97367,1.50,1.13
2013.04.08 13:28:20.944,0.97349,0.97369,1.65,1.13
2013.04.08 13:28:29.573,0.97351,0.97372,1.50,1.50
2013.04.08 13:28:31.031,0.9735,0.97371,1.65,1.73
2013.04.08 13:28:31.764,0.97351,0.97372,1.50,1.50
2013.04.08 13:28:32.297,0.97348,0.97371,2.25,1.65
2013.04.08 13:28:33.532,0.97348,0.9737,1.50,1.65
2013.04.08 13:28:35.694,0.97347,0.9737,1.50,2.25
2013.04.08 13:28:37.122,0.97348,0.9737,1.50,1.13
2013.04.08 13:28:37.613,0.97352,0.97371,1.50,1.50
2013.04.08 13:28:37.853,0.97347,0.97369,1.50,2.25
2013.04.08 13:28:38.486,0.97346,0.97366,1.50,1.13
2013.04.08 13:28:39.872,0.97346,0.97367,1.65,1.28
2013.04.08 13:28:40.054,0.97346,0.97369,3.23,1.88
2013.04.08 13:28:40.482,0.97346,0.97369,1.65,1.88
2013.04.08 13:28:46.074,0.97346,0.97368,1.65,2.10
2013.04.08 13:28:46.133,0.97345,0.97366,1.13,1.58
2013.04.08 13:28:48.693,0.97345,0.97368,1.88,2.03
2013.04.08 13:28:51.262,0.97345,0.97367,1.88,2.03
2013.04.08 13:28:51.593,0.97345,0.97365,1.13,1.20
2013.04.08 13:28:56.852,0.97343,0.97365,1.50,1.35
2013.04.08 13:28:59.882,0.97341,0.97363,1.73,1.50
2013.04.08 13:29:01.385,0.97343,0.97363,1.50,1.50
2013.04.08 13:29:05.236,0.97342,0.97363,1.65,1.50
2013.04.08 13:29:07.522,0.9734,0.97363,2.33,1.50
2013.04.08 13:29:09.000,0.97341,0.97363,1.73,1.50
2013.04.08 13:29:14.322,0.97343,0.97365,1.65,2.33
2013.04.08 13:29:21.942,0.97343,0.97363,1.65,1.28
2013.04.08 13:29:22.845,0.97343,0.97363,1.65,2.03
2013.04.08 13:29:27.465,0.97341,0.97363,1.88,1.73
2013.04.08 13:29:30.833,0.97339,0.97361,1.50,1.13
2013.04.08 13:29:31.414,0.97338,0.97359,1.50,1.73
2013.04.08 13:29:31.764,0.97338,0.97359,1.50,1.73
2013.04.08 13:29:32.703,0.97338,0.97359,1.50,2.10
2013.04.08 13:29:33.975,0.97343,0.97365,1.50,1.73
2013.04.08 13:29:37.013,0.9734,0.97362,1.50,1.50
2013.04.08 13:29:37.183,0.9734,0.97361,1.13,1.13
2013.04.08 13:29:37.663,0.97336,0.97357,1.50,1.13
2013.04.08 13:29:38.132,0.97334,0.97357,1.50,1.95
2013.04.08 13:29:40.702,0.97331,0.97354,2.33,2.25
2013.04.08 13:29:40.762,0.97331,0.9735,1.50,1.13
2013.04.08 13:29:45.575,0.9733,0.9735,1.88,1.13
2013.04.08 13:29:48.233,0.97327,0.97349,1.88,1.73
2013.04.08 13:29:48.415,0.97327,0.97349,1.88,1.73
2013.04.08 13:29:49.353,0.97329,0.97351,1.65,1.13
2013.04.08 13:29:55.723,0.97329,0.97351,1.50,1.13
2013.04.08 13:30:01.294,0.97328,0.9735,1.50,1.73
2013.04.08 13:30:01.354,0.97326,0.97349,1.58,1.73
2013.04.08 13:30:01.533,0.97328,0.9735,1.50,2.10
2013.04.08 13:30:01.714,0.9733,0.9735,1.50,1.28
2013.04.08 13:30:02.063,0.97327,0.9735,1.95,1.65
2013.04.08 13:30:03.203,0.97327,0.97349,1.58,1.28
2013.04.08 13:30:03.323,0.97326,0.97348,1.50,1.13
2013.04.08 13:30:04.597,0.97326,0.97348,1.50,1.50
2013.04.08 13:30:04.664,0.97326,0.97348,1.50,2.70
2013.04.08 13:30:04.965,0.97324,0.97346,1.50,1.73
2013.04.08 13:30:05.504,0.97324,0.97344,1.50,1.13
2013.04.08 13:30:05.565,0.97322,0.97344,2.48,1.88
2013.04.08 13:30:06.934,0.97324,0.97344,1.50,1.13
2013.04.08 13:30:10.494,0.97322,0.97342,1.50,1.13
2013.04.08 13:30:12.386,0.97321,0.97342,1.50,1.13
2013.04.08 13:30:15.483,0.97318,0.97339,1.50,1.28
2013.04.08 13:30:15.843,0.97317,0.97337,1.50,1.13
2013.04.08 13:30:16.353,0.97314,0.97336,1.13,1.13
2013.04.08 13:30:21.676,0.97316,0.97337,1.65,1.13
2013.04.08 13:30:21.995,0.97314,0.97335,1.88,1.58
2013.04.08 13:30:22.112,0.97316,0.97336,1.65,1.50
2013.04.08 13:30:22.580,0.97316,0.97338,1.65,1.73
2013.04.08 13:30:23.403,0.97316,0.97336,1.50,1.50
2013.04.08 13:30:26.565,0.97316,0.97336,1.65,1.13
2013.04.08 13:30:26.684,0.97316,0.97338,1.65,1.20
2013.04.08 13:30:26.945,0.97321,0.97341,1.50,1.28
2013.04.08 13:30:27.183,0.97321,0.97343,1.88,1.13
2013.04.08 13:30:28.713,0.97325,0.97346,1.50,1.13
2013.04.08 13:30:29.453,0.97325,0.97346,1.50,1.13
2013.04.08 13:30:30.223,0.97323,0.97344,1.95,1.13
2013.04.08 13:30:30.403,0.97321,0.97343,2.70,1.13
2013.04.08 13:30:30.587,0.9732,0.97343,1.50,2.33
2013.04.08 13:30:31.994,0.97321,0.97342,1.50,1.58
2013.04.08 13:30:32.493,0.97321,0.97342,1.50,1.20
2013.04.08 13:30:36.974,0.97322,0.97344,1.88,1.13
2013.04.08 13:30:40.506,0.97326,0.97346,1.50,1.50
2013.04.08 13:30:40.566,0.97326,0.97346,1.50,1.28
2013.04.08 13:30:40.927,0.97326,0.97348,1.50,1.95
2013.04.08 13:30:42.854,0.97326,0.97346,1.50,1.28
2013.04.08 13:30:43.364,0.97326,0.97346,1.50,2.03
2013.04.08 13:30:44.582,0.97326,0.97345,1.50,1.13
2013.04.08 13:30:45.247,0.97323,0.97343,1.13,1.13
2013.04.08 13:30:46.063,0.97323,0.97343,1.50,1.50
2013.04.08 13:30:48.133,0.97324,0.97344,1.50,1.13
2013.04.08 13:30:48.413,0.97322,0.97343,1.58,1.13
2013.04.08 13:30:48.865,0.97324,0.97344,1.50,1.13
2013.04.08 13:31:00.174,0.97322,0.97342,1.50,1.13
2013.04.08 13:31:00.240,0.97319,0.97342,2.40,2.70
2013.04.08 13:31:01.753,0.97324,0.97341,1.13,1.13
2013.04.08 13:31:01.873,0.97324,0.97344,1.88,1.50
2013.04.08 13:31:02.053,0.97322,0.97343,1.13,1.13
2013.04.08 13:31:02.793,0.97318,0.9734,1.50,1.13
2013.04.08 13:31:02.925,0.97318,0.97338,1.50,1.13
2013.04.08 13:31:03.524,0.97316,0.97336,1.50,1.65
2013.04.08 13:31:03.647,0.97314,0.97337,2.03,2.40
2013.04.08 13:31:03.954,0.97316,0.97336,1.50,1.28
2013.04.08 13:31:04.966,0.97319,0.9734,1.65,1.50
2013.04.08 13:31:05.153,0.97319,0.97339,1.50,1.50
2013.04.08 13:31:05.335,0.9732,0.97338,1.65,1.13
2013.04.08 13:31:05.395,0.97322,0.97338,1.50,1.88
2013.04.08 13:31:05.933,0.9732,0.97338,1.65,1.13
2013.04.08 13:31:06.254,0.97317,0.97336,1.88,1.13
2013.04.08 13:31:06.725,0.97317,0.97335,1.50,1.13
2013.04.08 13:31:06.784,0.97315,0.97332,1.50,1.13
2013.04.08 13:31:08.034,0.97311,0.97331,1.88,1.50
2013.04.08 13:31:09.943,0.97315,0.97333,1.50,1.28
2013.04.08 13:31:11.333,0.97313,0.97331,1.65,1.13
2013.04.08 13:31:12.014,0.97313,0.97333,1.65,2.03
2013.04.08 13:31:13.403,0.97313,0.97333,1.65,2.78
2013.04.08 13:31:16.544,0.97313,0.97333,1.65,2.03
2013.04.08 13:31:18.983,0.97313,0.97332,1.65,1.13
2013.04.08 13:31:20.285,0.97313,0.97333,1.65,2.78
2013.04.08 13:31:20.654,0.97313,0.97333,1.65,2.03
2013.04.08 13:31:20.903,0.97316,0.97337,1.88,1.88
2013.04.08 13:31:21.184,0.97316,0.97336,1.88,1.13
2013.04.08 13:31:21.787,0.97316,0.97332,1.13,1.13
2013.04.08 13:31:22.147,0.97315,0.97333,1.13,1.13
2013.04.08 13:31:22.504,0.97315,0.97335,1.13,1.20
2013.04.08 13:31:22.825,0.97319,0.97337,1.13,1.50
2013.04.08 13:31:23.934,0.97319,0.97337,1.13,1.50
2013.04.08 13:31:24.183,0.97319,0.97337,1.13,1.50
2013.04.08 13:31:24.604,0.97315,0.97335,1.50,1.28
2013.04.08 13:31:25.153,0.97319,0.97337,1.50,1.50
2013.04.08 13:31:25.675,0.97321,0.97339,1.65,1.13
2013.04.08 13:31:26.414,0.97321,0.97343,1.65,2.85
2013.04.08 13:31:27.973,0.97321,0.97341,1.65,1.50
2013.04.08 13:31:30.503,0.9732,0.97341,1.13,1.58
2013.04.08 13:31:34.483,0.97316,0.97338,2.33,1.13
2013.04.08 13:31:34.543,0.97316,0.97337,1.50,1.13
2013.04.08 13:31:34.857,0.97315,0.97337,1.50,1.13
2013.04.08 13:31:35.462,0.97315,0.97337,1.50,1.13
2013.04.08 13:31:36.383,0.97313,0.97333,1.28,1.50
2013.04.08 13:31:36.944,0.97309,0.97328,1.50,1.13
2013.04.08 13:31:37.005,0.97307,0.97328,2.33,1.13
2013.04.08 13:31:37.075,0.97307,0.97328,1.50,1.88
2013.04.08 13:31:37.405,0.97307,0.97328,1.58,1.13
2013.04.08 13:31:37.883,0.97307,0.97328,1.50,2.25
2013.04.08 13:31:40.142,0.97304,0.97327,1.73,1.65
2013.04.08 13:31:42.422,0.97302,0.97325,1.88,1.88
2013.04.08 13:31:46.223,0.97303,0.97325,1.65,1.50
2013.04.08 13:31:46.664,0.97306,0.97328,1.50,3.00
2013.04.08 13:31:51.863,0.97307,0.97328,1.13,2.25
2013.04.08 13:31:52.499,0.97308,0.9733,1.65,1.50
2013.04.08 13:31:55.014,0.97307,0.97328,1.13,1.50
2013.04.08 13:31:55.583,0.97307,0.97327,1.13,1.50
2013.04.08 13:31:57.514,0.97307,0.97328,1.13,1.50
2013.04.08 13:31:57.754,0.97308,0.9733,1.65,1.88
2013.04.08 13:32:01.242,0.97308,0.97329,1.65,3.08
2013.04.08 13:32:01.602,0.97303,0.97323,1.50,1.13
2013.04.08 13:32:01.857,0.97299,0.97322,1.88,1.95
2013.04.08 13:32:02.775,0.97299,0.97319,1.88,1.50
2013.04.08 13:32:03.517,0.97299,0.97318,1.13,1.50
2013.04.08 13:32:04.402,0.97299,0.97321,1.13,1.28
2013.04.08 13:32:05.483,0.97301,0.97322,2.03,1.88
2013.04.08 13:32:06.133,0.97301,0.97321,1.28,1.65
2013.04.08 13:32:06.313,0.97296,0.97316,1.58,1.13
2013.04.08 13:32:06.732,0.97292,0.97314,2.48,1.65
2013.04.08 13:32:06.863,0.97291,0.97313,2.03,1.50
2013.04.08 13:32:09.142,0.97292,0.97313,1.65,1.50
2013.04.08 13:32:10.075,0.97293,0.97315,1.50,1.65
2013.04.08 13:32:12.384,0.97294,0.97315,1.50,1.65
2013.04.08 13:32:15.683,0.97294,0.97313,1.13,1.50
2013.04.08 13:32:16.845,0.97294,0.97315,1.13,1.73
2013.04.08 13:32:17.083,0.97295,0.97316,1.50,2.33
2013.04.08 13:32:17.416,0.9729,0.97311,1.13,1.58
2013.04.08 13:32:17.474,0.9729,0.97311,1.13,1.58
2013.04.08 13:32:17.743,0.9729,0.97312,1.13,1.58
2013.04.08 13:32:17.863,0.97294,0.9731,1.13,1.58
2013.04.08 13:32:18.533,0.97294,0.97312,1.50,1.58
2013.04.08 13:32:18.593,0.97294,0.97314,1.50,1.58
2013.04.08 13:32:18.654,0.97294,0.97316,1.65,1.73
2013.04.08 13:32:19.432,0.97296,0.97316,2.03,1.50
2013.04.08 13:32:20.146,0.97303,0.97323,1.28,1.58
2013.04.08 13:32:20.472,0.973,0.97321,1.50,1.50
2013.04.08 13:32:20.724,0.97303,0.97323,1.13,1.58
2013.04.08 13:32:21.205,0.97298,0.97321,1.88,1.35
2013.04.08 13:32:21.564,0.97303,0.9732,1.13,1.50
2013.04.08 13:32:21.683,0.97303,0.97318,1.13,1.58
2013.04.08 13:32:21.802,0.97303,0.97319,1.13,1.50
2013.04.08 13:32:21.863,0.97303,0.97324,1.13,1.58
2013.04.08 13:32:21.923,0.97303,0.97325,1.13,1.28
2013.04.08 13:32:23.213,0.97305,0.97325,1.28,1.65
2013.04.08 13:32:23.333,0.97309,0.97332,1.65,2.10
2013.04.08 13:32:23.858,0.97308,0.97329,1.13,1.50
2013.04.08 13:32:23.987,0.97309,0.9733,1.65,1.13
2013.04.08 13:32:24.393,0.97308,0.97329,1.13,1.50
2013.04.08 13:32:25.562,0.97309,0.97329,1.65,1.13
2013.04.08 13:32:25.863,0.97309,0.97329,1.50,1.88
2013.04.08 13:32:27.572,0.97304,0.97327,1.88,1.95
2013.04.08 13:32:28.044,0.97304,0.97326,1.50,1.35
2013.04.08 13:32:28.763,0.97306,0.97327,1.50,1.50
2013.04.08 13:32:30.046,0.97309,0.97329,1.50,2.25
2013.04.08 13:32:30.736,0.97307,0.97329,1.50,1.13
2013.04.08 13:32:31.254,0.97307,0.97327,1.50,1.50
2013.04.08 13:32:31.792,0.97306,0.97327,1.50,1.13
2013.04.08 13:32:31.912,0.97306,0.97329,2.33,1.88
2013.04.08 13:32:32.693,0.97306,0.97327,2.33,1.13
2013.04.08 13:32:32.812,0.97305,0.97324,1.50,1.13
2013.04.08 13:32:34.182,0.97305,0.97327,1.50,1.95
2013.04.08 13:32:34.784,0.97307,0.97328,1.50,2.25
2013.04.08 13:32:36.413,0.97306,0.97327,2.33,1.13
2013.04.08 13:32:36.533,0.97306,0.97326,1.50,1.65
2013.04.08 13:32:36.892,0.97306,0.97327,2.33,1.13
2013.04.08 13:32:37.422,0.97306,0.97327,1.58,1.13
2013.04.08 13:32:37.603,0.97303,0.97325,1.58,2.03
2013.04.08 13:32:38.203,0.97305,0.97325,1.50,2.03
2013.04.08 13:32:40.653,0.97306,0.97326,1.50,1.28
2013.04.08 13:32:40.773,0.97309,0.97332,1.88,2.85
2013.04.08 13:32:40.893,0.97311,0.97332,1.65,1.28
2013.04.08 13:32:41.807,0.97311,0.97334,2.48,1.50
2013.04.08 13:32:42.118,0.97313,0.97335,1.50,2.85
2013.04.08 13:32:42.244,0.97312,0.97333,1.50,1.13
2013.04.08 13:32:42.893,0.97313,0.97333,1.50,1.13
2013.04.08 13:32:49.034,0.97313,0.97333,1.50,1.50
2013.04.08 13:32:49.160,0.97317,0.97336,1.13,1.58
2013.04.08 13:32:49.234,0.97317,0.97336,1.13,1.58
2013.04.08 13:32:49.535,0.97323,0.97342,1.13,2.33
2013.04.08 13:32:49.594,0.97324,0.97346,1.65,2.10
2013.04.08 13:32:51.046,0.97326,0.97346,1.50,1.28
2013.04.08 13:32:51.117,0.97332,0.97353,2.25,2.33
2013.04.08 13:32:51.217,0.97337,0.97356,1.13,3.38
2013.04.08 13:32:52.424,0.97338,0.97357,1.58,1.13
2013.04.08 13:32:52.913,0.9734,0.97351,1.50,2.25
2013.04.08 13:32:53.913,0.97341,0.97351,1.13,2.25
2013.04.08 13:32:54.306,0.97341,0.97351,1.13,2.25
2013.04.08 13:32:55.443,0.97344,0.97352,1.58,2.25
2013.04.08 13:32:58.682,0.97345,0.97364,1.50,1.65
2013.04.08 13:32:58.803,0.97345,0.97365,1.50,1.13
2013.04.08 13:32:59.043,0.97348,0.97368,1.13,2.25
2013.04.08 13:32:59.562,0.97348,0.97368,1.13,1.50
2013.04.08 13:33:01.502,0.97349,0.9737,1.65,1.28
2013.04.08 13:33:02.724,0.97352,0.97374,1.88,1.88
2013.04.08 13:33:03.332,0.97352,0.97373,1.13,1.20
2013.04.08 13:33:03.903,0.97352,0.97371,1.13,1.50
2013.04.08 13:33:04.083,0.97349,0.9737,1.50,1.13
2013.04.08 13:33:04.282,0.97349,0.97371,1.50,1.13
2013.04.08 13:33:04.374,0.97349,0.97371,1.50,1.13
2013.04.08 13:33:04.910,0.97348,0.97369,1.50,1.73
2013.04.08 13:33:05.152,0.97346,0.97369,2.85,2.48
2013.04.08 13:33:05.273,0.97348,0.9737,1.50,1.58
2013.04.08 13:33:06.316,0.97349,0.97371,1.50,1.13
2013.04.08 13:33:06.383,0.97346,0.97369,2.85,1.65
2013.04.08 13:33:06.623,0.97347,0.97367,1.28,1.58
2013.04.08 13:33:06.982,0.97345,0.97362,1.13,2.33
2013.04.08 13:33:07.163,0.97345,0.97361,1.13,1.50
2013.04.08 13:33:07.223,0.97345,0.97361,1.13,1.50
2013.04.08 13:33:07.343,0.97345,0.97365,1.13,1.58
2013.04.08 13:33:07.829,0.97345,0.97362,1.13,1.58
2013.04.08 13:33:08.163,0.9734,0.9736,1.13,1.13
2013.04.08 13:33:08.553,0.9734,0.9736,1.13,1.13
2013.04.08 13:33:08.673,0.97347,0.97359,1.50,1.50
2013.04.08 13:33:08.737,0.97347,0.9736,1.50,2.33
2013.04.08 13:33:08.793,0.97349,0.97366,1.50,1.58
2013.04.08 13:33:08.913,0.97351,0.97368,1.50,1.50
2013.04.08 13:33:09.213,0.97352,0.97374,1.95,1.65
2013.04.08 13:33:09.272,0.97354,0.97374,1.13,1.50
2013.04.08 13:33:09.513,0.97359,0.97378,1.88,1.13
2013.04.08 13:33:09.872,0.97355,0.97378,2.10,1.13
2013.04.08 13:33:10.542,0.97357,0.97378,1.50,1.13
2013.04.08 13:33:10.843,0.97355,0.97378,2.10,1.13
2013.04.08 13:33:11.324,0.97352,0.97374,2.70,1.65
2013.04.08 13:33:11.622,0.97352,0.97373,1.50,1.65
2013.04.08 13:33:11.743,0.97352,0.97373,1.58,1.65
2013.04.08 13:33:12.102,0.97352,0.97372,1.58,1.13
2013.04.08 13:33:12.284,0.97348,0.9737,1.73,1.50
2013.04.08 13:33:12.523,0.97347,0.97369,1.28,1.50
2013.04.08 13:33:13.444,0.97355,0.97375,1.50,2.25
2013.04.08 13:33:13.533,0.97355,0.97374,1.50,1.50
2013.04.08 13:33:13.715,0.97355,0.97375,1.65,1.50
2013.04.08 13:33:14.192,0.97355,0.97378,2.03,1.73
2013.04.08 13:33:14.553,0.9736,0.97379,1.13,1.50
2013.04.08 13:33:14.612,0.9736,0.97378,1.13,1.50
2013.04.08 13:33:15.426,0.9736,0.97377,1.13,1.50
2013.04.08 13:33:16.433,0.9736,0.97378,1.13,1.50
2013.04.08 13:33:16.985,0.97356,0.97378,1.50,1.13
2013.04.08 13:33:17.103,0.97356,0.97379,1.65,2.03
2013.04.08 13:33:17.223,0.97356,0.97378,1.65,2.10
2013.04.08 13:33:17.557,0.97354,0.97374,1.13,1.13
2013.04.08 13:33:17.613,0.97353,0.97374,1.13,1.88
2013.04.08 13:33:18.017,0.97354,0.97374,1.20,1.13
2013.04.08 13:33:18.623,0.97354,0.97376,2.33,1.50
2013.04.08 13:33:19.592,0.97356,0.97378,1.35,1.65
2013.04.08 13:33:21.674,0.97358,0.9738,3.08,2.25
2013.04.08 13:33:21.872,0.97362,0.9738,1.58,1.13
2013.04.08 13:33:22.163,0.97358,0.9738,1.58,1.13
2013.04.08 13:33:22.343,0.97358,0.97375,1.58,1.13
2013.04.08 13:33:22.465,0.97358,0.97375,1.50,1.13
2013.04.08 13:33:22.644,0.97352,0.97373,1.50,1.65
2013.04.08 13:33:23.993,0.97351,0.9737,1.65,1.50
2013.04.08 13:33:24.173,0.97354,0.97374,1.50,1.28
2013.04.08 13:33:24.867,0.97355,0.97375,1.58,1.13
2013.04.08 13:33:25.954,0.97355,0.97375,1.50,2.25
2013.04.08 13:33:26.255,0.97356,0.97378,1.13,1.20
2013.04.08 13:33:26.553,0.97356,0.97379,2.25,1.50
2013.04.08 13:33:26.733,0.97356,0.97379,2.25,2.33
2013.04.08 13:33:27.043,0.97356,0.97379,2.25,1.58
2013.04.08 13:33:27.103,0.97358,0.9738,1.65,2.03
2013.04.08 13:33:27.654,0.97358,0.9738,1.65,1.28
2013.04.08 13:33:28.975,0.97356,0.9738,2.70,2.03
2013.04.08 13:33:30.331,0.97358,0.9738,1.65,1.28
2013.04.08 13:33:31.563,0.97357,0.97379,1.65,1.20
2013.04.08 13:33:31.923,0.97356,0.97375,1.13,1.13
2013.04.08 13:33:34.613,0.97356,0.97378,1.88,1.88
2013.04.08 13:33:35.133,0.97356,0.97377,1.13,1.95
2013.04.08 13:33:35.953,0.97356,0.97374,1.13,1.50
2013.04.08 13:33:36.623,0.97352,0.97371,2.33,1.13
2013.04.08 13:33:37.182,0.97355,0.97374,1.50,2.10
2013.04.08 13:33:37.724,0.97353,0.97373,1.58,1.50
2013.04.08 13:33:38.033,0.97355,0.97373,1.58,1.50
2013.04.08 13:33:38.753,0.97352,0.97372,1.50,1.50
2013.04.08 13:33:39.172,0.97348,0.97371,1.65,1.88
2013.04.08 13:33:50.013,0.97351,0.97372,1.50,1.13
2013.04.08 13:33:50.568,0.97354,0.97374,1.88,2.33
2013.04.08 13:33:50.755,0.97354,0.97376,1.88,2.48
2013.04.08 13:33:50.874,0.97356,0.97378,1.65,1.13
2013.04.08 13:33:52.514,0.97352,0.97374,1.58,2.25
2013.04.08 13:33:52.665,0.97351,0.97374,2.25,2.25
2013.04.08 13:33:53.324,0.97351,0.97372,1.50,1.13
2013.04.08 13:33:53.623,0.97348,0.97368,1.28,1.50
2013.04.08 13:33:53.883,0.97348,0.97368,1.28,1.50
2013.04.08 13:33:54.234,0.97347,0.97369,1.13,1.50
2013.04.08 13:33:55.112,0.97346,0.97368,1.13,1.58
2013.04.08 13:33:56.384,0.97344,0.97366,1.50,1.50
2013.04.08 13:33:57.393,0.97344,0.97366,1.13,1.50
2013.04.08 13:33:57.453,0.97343,0.97365,1.13,1.13
2013.04.08 13:33:57.693,0.97341,0.97362,1.73,2.70
2013.04.08 13:33:57.800,0.97339,0.97358,1.13,1.50
2013.04.08 13:33:58.293,0.97339,0.97361,1.88,1.58
2013.04.08 13:33:59.385,0.97339,0.97357,1.13,1.50
2013.04.08 13:34:00.383,0.97338,0.97358,1.13,1.50
2013.04.08 13:34:04.183,0.97341,0.97362,1.65,1.13
2013.04.08 13:34:04.723,0.97339,0.97361,1.20,1.50
2013.04.08 13:34:05.084,0.97339,0.97361,1.20,1.50
2013.04.08 13:34:05.444,0.97334,0.97354,1.50,1.13
2013.04.08 13:34:06.005,0.97333,0.97354,1.50,1.13
2013.04.08 13:34:06.464,0.97332,0.97353,1.50,1.88
2013.04.08 13:34:06.643,0.97332,0.97353,2.25,1.50
2013.04.08 13:34:07.183,0.97336,0.97356,2.03,2.33
2013.04.08 13:34:07.506,0.97339,0.97359,1.50,1.13
2013.04.08 13:34:09.357,0.97336,0.97359,2.85,1.88
2013.04.08 13:34:09.429,0.97336,0.97359,2.33,2.25
2013.04.08 13:34:09.554,0.97335,0.97357,1.50,1.13
2013.04.08 13:34:13.023,0.97331,0.97354,1.88,1.20
2013.04.08 13:34:13.604,0.97331,0.97353,1.13,2.48
2013.04.08 13:34:14.264,0.9733,0.97351,1.28,1.50
2013.04.08 13:34:14.386,0.9733,0.97353,1.65,2.10
2013.04.08 13:34:14.507,0.9733,0.97353,1.65,2.10
2013.04.08 13:34:14.565,0.9733,0.97351,1.50,1.13
2013.04.08 13:34:14.924,0.97328,0.97351,1.95,1.50
2013.04.08 13:34:15.225,0.97327,0.97347,1.13,1.58
2013.04.08 13:34:16.415,0.97326,0.97347,1.28,1.95
2013.04.08 13:34:16.924,0.97323,0.97344,2.25,2.33
2013.04.08 13:34:17.045,0.97325,0.97344,1.28,1.50
2013.04.08 13:34:17.164,0.97325,0.97345,1.13,1.50
2013.04.08 13:34:17.708,0.97327,0.97348,1.13,2.33
2013.04.08 13:34:18.325,0.97328,0.97348,1.13,2.25
2013.04.08 13:34:19.416,0.97328,0.97348,1.13,1.50
2013.04.08 13:34:19.595,0.97325,0.97346,1.50,1.50
2013.04.08 13:34:19.654,0.97325,0.97346,1.13,1.65
2013.04.08 13:34:20.085,0.97321,0.97344,1.95,1.50
2013.04.08 13:34:21.723,0.97321,0.97343,1.13,1.58
2013.04.08 13:34:22.473,0.97321,0.97344,1.50,1.50
2013.04.08 13:34:24.724,0.97322,0.97344,1.88,1.50
2013.04.08 13:34:25.154,0.97321,0.97344,1.88,2.25
2013.04.08 13:34:25.213,0.97321,0.97344,1.88,2.33
2013.04.08 13:34:25.525,0.97321,0.97344,1.50,1.58
2013.04.08 13:34:32.963,0.97321,0.97343,1.50,1.58
2013.04.08 13:34:34.623,0.97326,0.97345,1.13,2.33
2013.04.08 13:34:34.923,0.97326,0.97348,1.28,1.20
2013.04.08 13:34:35.532,0.97326,0.97348,2.03,1.13
2013.04.08 13:34:36.163,0.97327,0.97348,1.13,1.13
2013.04.08 13:34:36.713,0.97326,0.97348,1.65,1.13
2013.04.08 13:34:38.246,0.97327,0.97348,1.50,1.13
2013.04.08 13:34:38.803,0.97327,0.97349,1.50,2.33
2013.04.08 13:34:39.962,0.97328,0.97349,1.13,1.58
2013.04.08 13:34:40.153,0.9733,0.97352,1.65,1.28
2013.04.08 13:34:40.763,0.9733,0.97352,1.65,1.28
2013.04.08 13:34:41.006,0.97334,0.97353,1.50,1.28
2013.04.08 13:34:41.244,0.97334,0.97358,1.95,1.65
2013.04.08 13:34:41.783,0.97334,0.97355,1.13,1.58
2013.04.08 13:34:42.933,0.97335,0.97357,1.65,1.73
2013.04.08 13:34:43.943,0.97336,0.97359,2.48,3.08
2013.04.08 13:34:44.453,0.97336,0.97359,1.65,3.08
2013.04.08 13:34:46.303,0.97334,0.97356,1.13,1.88
2013.04.08 13:34:46.603,0.9733,0.97353,1.88,1.88
2013.04.08 13:34:46.784,0.97328,0.9735,1.28,1.50
2013.04.08 13:34:46.964,0.97326,0.97349,1.13,2.70
2013.04.08 13:34:48.853,0.97328,0.97349,1.28,1.58
2013.04.08 13:34:48.973,0.97331,0.97352,1.50,1.73
2013.04.08 13:34:49.213,0.97331,0.97353,1.50,1.13
2013.04.08 13:34:49.683,0.97329,0.97353,2.40,2.70
2013.04.08 13:34:50.320,0.97328,0.97349,1.28,1.50
2013.04.08 13:34:50.382,0.97329,0.97351,1.65,1.73
2013.04.08 13:34:52.816,0.97331,0.97352,1.50,1.65
2013.04.08 13:34:53.357,0.97332,0.97354,1.50,2.25
2013.04.08 13:34:53.653,0.97332,0.97355,2.63,1.50
2013.04.08 13:34:53.712,0.97335,0.97356,1.58,1.28
2013.04.08 13:34:53.773,0.97337,0.97357,1.50,1.28
2013.04.08 13:34:56.393,0.97335,0.97357,1.58,1.65
2013.04.08 13:34:56.815,0.97337,0.97358,1.50,1.88
2013.04.08 13:34:57.235,0.97338,0.97358,1.58,1.13
2013.04.08 13:34:58.774,0.97337,0.97358,1.50,1.88
2013.04.08 13:34:59.327,0.97335,0.97358,1.50,1.88
2013.04.08 13:34:59.584,0.97333,0.97357,2.10,1.65
2013.04.08 13:35:00.092,0.97332,0.97354,1.88,1.50
2013.04.08 13:35:00.413,0.9733,0.9735,1.58,1.13
2013.04.08 13:35:00.774,0.97336,0.97355,1.65,2.33
2013.04.08 13:35:01.604,0.97336,0.97358,1.13,1.65
2013.04.08 13:35:01.963,0.97344,0.97363,1.13,1.13
2013.04.08 13:35:02.153,0.97345,0.97364,1.95,1.13
2013.04.08 13:35:02.553,0.9735,0.97365,1.13,1.13
2013.04.08 13:35:02.613,0.9735,0.97369,1.13,1.88
2013.04.08 13:35:02.794,0.97352,0.97372,1.65,1.28
2013.04.08 13:35:03.380,0.97352,0.97374,1.65,1.50
2013.04.08 13:35:03.923,0.97352,0.97374,1.50,1.28
2013.04.08 13:35:04.363,0.97352,0.97374,3.08,1.28
2013.04.08 13:35:04.664,0.97356,0.97376,1.13,1.13
2013.04.08 13:35:05.284,0.97357,0.97378,1.65,2.33
2013.04.08 13:35:05.643,0.97356,0.97376,1.13,1.50
2013.04.08 13:35:06.414,0.97356,0.97378,1.88,1.58
2013.04.08 13:35:07.076,0.97356,0.97376,1.13,1.50
2013.04.08 13:35:07.285,0.97356,0.97377,1.88,1.13
2013.04.08 13:35:08.374,0.97356,0.97373,1.13,1.13
2013.04.08 13:35:08.494,0.97352,0.97373,2.33,1.13
2013.04.08 13:35:08.555,0.9735,0.97373,1.65,2.63
2013.04.08 13:35:09.043,0.9735,0.97372,1.50,2.25
2013.04.08 13:35:09.165,0.97346,0.97368,1.73,1.50
2013.04.08 13:35:09.225,0.97345,0.97368,1.50,1.50
2013.04.08 13:35:09.824,0.97344,0.97363,1.88,1.13
2013.04.08 13:35:09.944,0.9734,0.97358,2.33,1.13
2013.04.08 13:35:10.004,0.97336,0.97357,1.88,1.13
2013.04.08 13:35:10.253,0.97337,0.97357,1.65,1.13
2013.04.08 13:35:10.433,0.9734,0.9736,1.50,1.13
2013.04.08 13:35:10.493,0.97341,0.9736,1.13,1.13
2013.04.08 13:35:10.673,0.97341,0.97362,1.88,1.50
2013.04.08 13:35:11.202,0.9734,0.97362,1.58,2.25
2013.04.08 13:35:11.744,0.97342,0.97361,1.50,1.88
2013.04.08 13:35:12.004,0.97337,0.97359,2.33,1.13
2013.04.08 13:35:12.279,0.97337,0.97358,2.25,1.50
2013.04.08 13:35:12.345,0.97337,0.97359,1.50,1.95
2013.04.08 13:35:12.416,0.97336,0.97359,1.50,2.70
2013.04.08 13:35:13.264,0.97336,0.97359,3.08,2.63
2013.04.08 13:35:13.584,0.9734,0.97361,1.50,1.95
2013.04.08 13:35:13.925,0.97342,0.97363,1.88,2.63
2013.04.08 13:35:14.364,0.97343,0.97365,1.73,1.50
2013.04.08 13:35:14.503,0.97343,0.97365,1.73,1.50
2013.04.08 13:35:14.983,0.97346,0.97367,1.13,1.58
2013.04.08 13:35:15.043,0.97346,0.97369,1.88,1.58
2013.04.08 13:35:15.103,0.97347,0.9737,1.13,1.50
2013.04.08 13:35:15.165,0.97347,0.9737,1.88,1.50
2013.04.08 13:35:15.283,0.97349,0.97371,1.73,1.50
2013.04.08 13:35:15.403,0.97351,0.97372,1.50,1.50
2013.04.08 13:35:16.632,0.97348,0.97372,1.65,1.58
2013.04.08 13:35:16.724,0.97346,0.97367,1.50,1.58
2013.04.08 13:35:17.373,0.97344,0.97365,1.73,1.50
2013.04.08 13:35:17.673,0.97342,0.97363,1.50,1.50
2013.04.08 13:35:18.573,0.9734,0.97362,1.50,1.58
2013.04.08 13:35:19.893,0.9734,0.9736,1.50,1.50
2013.04.08 13:35:20.194,0.97338,0.97359,1.65,2.33
2013.04.08 13:35:20.614,0.97335,0.97356,1.13,1.58
2013.04.08 13:35:20.814,0.97335,0.97354,1.13,2.33
2013.04.08 13:35:21.533,0.97337,0.97358,1.65,1.13
2013.04.08 13:35:23.543,0.97337,0.97359,1.65,1.13
2013.04.08 13:35:23.985,0.97339,0.97358,1.50,1.13
2013.04.08 13:35:25.475,0.97337,0.97358,1.65,1.13
2013.04.08 13:35:25.713,0.97335,0.97355,1.13,1.50
2013.04.08 13:35:27.626,0.97335,0.97357,1.58,1.28
2013.04.08 13:35:27.803,0.97332,0.97356,2.33,1.50
2013.04.08 13:35:28.253,0.97331,0.97353,1.50,2.33
2013.04.08 13:35:28.855,0.97332,0.97353,2.33,1.50
2013.04.08 13:35:29.256,0.97334,0.97355,2.33,1.50
2013.04.08 13:35:29.434,0.97336,0.97359,2.33,1.50
2013.04.08 13:35:31.766,0.97333,0.97356,1.58,1.50
2013.04.08 13:35:33.494,0.97335,0.97357,1.50,1.13
2013.04.08 13:35:33.677,0.97339,0.97359,1.58,1.13
2013.04.08 13:35:33.893,0.97336,0.97359,2.33,1.88
2013.04.08 13:35:34.073,0.97339,0.97359,1.58,1.13
2013.04.08 13:35:34.643,0.97339,0.97357,1.58,1.13
2013.04.08 13:35:35.864,0.97339,0.97357,1.58,1.13
2013.04.08 13:35:35.983,0.97336,0.97357,1.58,1.13
2013.04.08 13:35:36.106,0.97335,0.97357,2.33,1.13
2013.04.08 13:35:36.164,0.97333,0.97355,1.58,1.88
2013.04.08 13:35:36.285,0.97337,0.97357,1.58,1.50
2013.04.08 13:35:36.595,0.97338,0.97357,1.58,1.50
2013.04.08 13:35:36.773,0.97337,0.97357,1.50,1.50
2013.04.08 13:35:38.645,0.97337,0.97356,1.50,1.13
2013.04.08 13:35:39.264,0.97337,0.97356,1.50,1.35
2013.04.08 13:35:39.325,0.97333,0.97352,2.33,1.13
2013.04.08 13:35:39.624,0.97329,0.97351,1.58,1.50
2013.04.08 13:35:40.143,0.97329,0.97353,3.45,1.50
2013.04.08 13:35:41.343,0.97328,0.97352,1.58,1.50
2013.04.08 13:35:42.993,0.97328,0.97352,1.58,1.50
2013.04.08 13:35:43.494,0.97328,0.97352,1.58,1.50
2013.04.08 13:35:44.025,0.97328,0.97352,1.58,1.50
2013.04.08 13:35:46.753,0.97328,0.97352,1.95,1.88
2013.04.08 13:35:49.193,0.97328,0.97352,1.95,1.88
2013.04.08 13:35:49.315,0.97328,0.97352,1.95,1.88
2013.04.08 13:35:50.234,0.97328,0.97352,1.95,1.88
2013.04.08 13:35:51.236,0.97328,0.97352,1.95,1.88
2013.04.08 13:35:51.596,0.97328,0.97344,1.58,1.13
2013.04.08 13:35:51.784,0.97322,0.97344,1.95,1.13
2013.04.08 13:35:52.723,0.97324,0.97344,1.50,1.13
2013.04.08 13:35:52.986,0.97324,0.97346,1.50,1.88
2013.04.08 13:35:53.104,0.97327,0.97347,1.58,1.13
2013.04.08 13:35:53.524,0.97328,0.97351,2.33,1.28
2013.04.08 13:35:53.644,0.97331,0.97351,1.50,1.28
2013.04.08 13:35:54.194,0.97332,0.97351,1.50,1.28
2013.04.08 13:35:54.253,0.97333,0.97351,1.58,1.28
2013.04.08 13:35:55.584,0.97336,0.97354,1.50,2.03
2013.04.08 13:35:55.645,0.97337,0.97355,1.58,1.28
2013.04.08 13:35:55.964,0.97337,0.97355,1.58,1.28
2013.04.08 13:35:56.323,0.9734,0.97353,1.50,1.13
2013.04.08 13:35:57.435,0.97336,0.97357,1.58,2.25
2013.04.08 13:35:58.183,0.97332,0.97354,1.73,1.13
2013.04.08 13:35:59.843,0.97331,0.97353,1.13,1.50
2013.04.08 13:36:00.164,0.97333,0.97354,1.65,1.13
2013.04.08 13:36:00.464,0.97332,0.97353,1.58,1.28
2013.04.08 13:36:00.525,0.97332,0.97352,1.50,1.65
2013.04.08 13:36:00.584,0.97328,0.97351,2.48,1.50
2013.04.08 13:36:00.644,0.97327,0.97349,1.73,1.50
2013.04.08 13:36:00.884,0.97327,0.97349,2.48,1.88
2013.04.08 13:36:01.363,0.97327,0.97349,1.73,1.50
2013.04.08 13:36:02.025,0.97327,0.97349,1.73,1.50
2013.04.08 13:36:02.154,0.97327,0.97349,1.73,1.50
2013.04.08 13:36:02.276,0.97327,0.97349,2.48,1.50
2013.04.08 13:36:02.333,0.97327,0.97349,1.73,1.50
2013.04.08 13:36:02.855,0.97326,0.97347,1.28,1.50
2013.04.08 13:36:03.545,0.97327,0.97349,1.35,1.50
2013.04.08 13:36:03.995,0.97325,0.97346,1.13,1.50
2013.04.08 13:36:04.234,0.97324,0.97346,1.95,1.50
2013.04.08 13:36:04.684,0.97324,0.97346,1.58,1.50
2013.04.08 13:36:05.483,0.97324,0.97346,1.58,1.50
2013.04.08 13:36:05.864,0.97324,0.97344,1.58,1.13
2013.04.08 13:36:06.105,0.97321,0.9734,1.20,1.50
2013.04.08 13:36:06.343,0.97315,0.97338,2.10,1.50
2013.04.08 13:36:07.586,0.9732,0.97343,1.58,1.65
2013.04.08 13:36:14.226,0.97322,0.97343,1.50,1.65
2013.04.08 13:36:17.703,0.97323,0.97344,1.50,1.88
2013.04.08 13:36:19.404,0.97323,0.97344,1.88,1.50
2013.04.08 13:36:20.211,0.97326,0.97346,1.65,1.50
2013.04.08 13:36:20.278,0.97329,0.97352,1.58,2.03
2013.04.08 13:36:21.493,0.97331,0.97352,1.13,1.50
2013.04.08 13:36:23.274,0.97331,0.97352,1.13,1.50
2013.04.08 13:36:23.454,0.97328,0.9735,1.13,1.50
2013.04.08 13:36:28.373,0.97329,0.97352,1.58,2.03
2013.04.08 13:36:29.393,0.97329,0.97352,1.58,2.03
2013.04.08 13:36:31.114,0.97329,0.9735,1.95,1.13
2013.04.08 13:36:35.285,0.97332,0.97352,2.25,1.50
2013.04.08 13:36:40.283,0.97339,0.97356,1.58,1.13
2013.04.08 13:36:40.624,0.97341,0.9736,1.13,1.13
2013.04.08 13:36:40.684,0.97341,0.97362,1.13,1.50
2013.04.08 13:36:40.804,0.97339,0.9736,1.73,1.13
2013.04.08 13:36:41.345,0.97339,0.9736,1.73,1.13
2013.04.08 13:36:41.406,0.97337,0.97359,1.88,1.65
2013.04.08 13:36:42.004,0.97338,0.9736,1.73,1.13
2013.04.08 13:36:43.053,0.97341,0.97363,1.13,1.88
2013.04.08 13:36:45.198,0.97341,0.97363,1.13,1.50
2013.04.08 13:36:45.614,0.97338,0.97358,1.50,1.50
2013.04.08 13:36:47.768,0.97338,0.97358,1.13,1.13
2013.04.08 13:36:47.836,0.97336,0.97358,1.65,1.13
2013.04.08 13:36:48.943,0.97336,0.97358,1.65,1.13
2013.04.08 13:36:51.804,0.97336,0.97358,2.85,1.13
2013.04.08 13:36:53.453,0.97337,0.97358,2.48,1.13
2013.04.08 13:36:53.814,0.97339,0.9736,1.13,1.50
2013.04.08 13:36:54.369,0.97341,0.97363,1.65,1.65
2013.04.08 13:36:55.993,0.97342,0.97363,1.50,1.65
2013.04.08 13:36:56.056,0.97343,0.97365,1.58,1.13
2013.04.08 13:36:56.385,0.97346,0.97366,1.13,1.50
2013.04.08 13:36:59.954,0.97343,0.97366,1.95,1.88
2013.04.08 13:37:00.133,0.97343,0.97363,1.50,1.50
2013.04.08 13:37:00.332,0.97341,0.97362,1.58,1.13
2013.04.08 13:37:00.454,0.97342,0.97362,1.50,1.13
2013.04.08 13:37:01.233,0.97342,0.97364,1.50,1.50
2013.04.08 13:37:02.575,0.9734,0.9736,2.03,1.65
2013.04.08 13:37:02.694,0.97339,0.9736,1.28,1.65
2013.04.08 13:37:03.183,0.97339,0.9736,1.28,1.65
2013.04.08 13:37:03.554,0.97335,0.97355,1.13,1.50
2013.04.08 13:37:12.174,0.97335,0.97357,1.20,1.65
2013.04.08 13:37:13.914,0.97337,0.97358,1.50,1.13
2013.04.08 13:37:14.094,0.97336,0.97358,1.50,1.13
2013.04.08 13:37:14.154,0.97334,0.97356,1.28,1.65
2013.04.08 13:37:16.004,0.97334,0.97357,1.65,1.65
2013.04.08 13:37:20.255,0.97337,0.97357,1.50,1.28
2013.04.08 13:37:20.614,0.97333,0.97354,2.48,1.50
2013.04.08 13:37:20.794,0.97333,0.97354,1.28,2.25
2013.04.08 13:37:22.914,0.97334,0.97354,1.65,1.50
2013.04.08 13:37:24.344,0.97336,0.97357,1.88,1.50
2013.04.08 13:37:24.794,0.9734,0.97362,1.65,1.50
2013.04.08 13:37:26.135,0.97339,0.97358,1.13,1.50
2013.04.08 13:37:26.260,0.97337,0.97358,1.28,1.65
2013.04.08 13:37:26.623,0.97337,0.97358,1.65,1.65
2013.04.08 13:37:27.885,0.97337,0.97358,1.65,1.65
2013.04.08 13:37:28.195,0.97336,0.97359,2.03,2.63
2013.04.08 13:37:28.833,0.97336,0.97357,1.28,1.65
2013.04.08 13:37:29.383,0.9734,0.97359,1.50,1.13
2013.04.08 13:37:29.955,0.9734,0.97362,1.50,1.13
2013.04.08 13:37:35.884,0.97339,0.97359,1.13,1.13
2013.04.08 13:37:38.323,0.97341,0.97359,1.58,1.13
2013.04.08 13:37:38.745,0.97341,0.97365,2.70,2.03
2013.04.08 13:37:38.812,0.97343,0.97365,2.48,1.28
2013.04.08 13:37:42.046,0.97344,0.97364,1.50,1.50
2013.04.08 13:37:42.715,0.97342,0.97365,1.28,1.65
2013.04.08 13:37:43.354,0.97341,0.97365,1.95,2.03
2013.04.08 13:37:43.714,0.97338,0.97359,1.58,1.13
2013.04.08 13:37:54.865,0.97338,0.97358,1.58,1.13
2013.04.08 13:37:58.175,0.97338,0.97358,1.58,1.13
2013.04.08 13:37:58.654,0.97335,0.97354,1.58,1.88
2013.04.08 13:37:58.887,0.97333,0.97354,1.58,1.88
2013.04.08 13:38:00.244,0.97331,0.97353,2.33,2.03
2013.04.08 13:38:00.304,0.97331,0.97353,1.50,2.03
2013.04.08 13:38:01.083,0.97334,0.97352,1.58,1.28
2013.04.08 13:38:01.326,0.97334,0.97354,1.58,1.50
2013.04.08 13:38:01.444,0.97334,0.97354,1.58,1.50
2013.04.08 13:38:01.505,0.97333,0.97352,1.50,1.65
2013.04.08 13:38:02.268,0.97331,0.97352,1.58,1.65
2013.04.08 13:38:02.337,0.97338,0.97354,1.50,1.13
2013.04.08 13:38:02.868,0.97338,0.97358,1.88,1.13
2013.04.08 13:38:04.844,0.97338,0.97359,1.13,1.50
2013.04.08 13:38:05.561,0.9734,0.97362,1.65,1.13
2013.04.08 13:38:06.066,0.97341,0.97362,1.50,1.13
2013.04.08 13:38:06.191,0.97343,0.97362,1.58,1.13
2013.04.08 13:38:08.600,0.97345,0.97365,1.50,1.13
2013.04.08 13:38:08.668,0.97346,0.97367,1.95,1.28
2013.04.08 13:38:08.738,0.97346,0.97367,1.95,1.28
2013.04.08 13:38:09.853,0.97348,0.97369,1.73,1.13
2013.04.08 13:38:10.555,0.97348,0.97369,1.73,1.13
2013.04.08 13:38:11.359,0.97352,0.97369,1.58,1.13
2013.04.08 13:38:11.575,0.9735,0.97369,1.58,1.13
2013.04.08 13:38:11.813,0.9735,0.97369,2.33,1.13
2013.04.08 13:38:12.275,0.97348,0.97368,2.48,1.65
2013.04.08 13:38:12.333,0.97346,0.97368,2.25,1.65
2013.04.08 13:38:12.505,0.97347,0.97369,1.35,1.88
2013.04.08 13:38:13.133,0.97347,0.97369,2.03,1.88
2013.04.08 13:38:13.844,0.97346,0.97369,1.88,1.88
2013.04.08 13:38:14.323,0.97349,0.9737,1.58,1.88
2013.04.08 13:38:14.654,0.97347,0.97369,1.28,1.65
2013.04.08 13:38:15.203,0.97349,0.9737,1.50,1.13
2013.04.08 13:38:16.703,0.97349,0.97369,1.50,1.13
2013.04.08 13:38:16.884,0.97347,0.97364,1.13,1.13
2013.04.08 13:38:17.689,0.97347,0.97368,1.28,1.65
2013.04.08 13:38:18.214,0.97347,0.97368,1.28,1.65
2013.04.08 13:38:18.394,0.97347,0.9737,2.10,1.13
2013.04.08 13:38:21.193,0.97347,0.97367,1.28,1.50
2013.04.08 13:38:21.495,0.97351,0.97368,1.50,1.65
2013.04.08 13:38:22.028,0.97352,0.9737,1.50,1.13
2013.04.08 13:38:22.636,0.97351,0.9737,1.50,1.13
2013.04.08 13:38:24.924,0.97351,0.9737,2.25,1.13
2013.04.08 13:38:26.526,0.97354,0.97373,1.58,1.50
2013.04.08 13:38:26.914,0.97356,0.97375,1.50,1.50
2013.04.08 13:38:27.443,0.97354,0.97375,1.73,1.88
2013.04.08 13:38:29.834,0.97354,0.97375,1.73,1.50
2013.04.08 13:38:30.195,0.97358,0.97378,1.50,2.25
2013.04.08 13:38:31.113,0.97359,0.97378,1.50,1.13
2013.04.08 13:38:35.385,0.97359,0.97375,1.50,1.13
2013.04.08 13:38:35.444,0.97352,0.97374,1.13,1.50
2013.04.08 13:38:35.684,0.97352,0.97374,1.50,1.50
2013.04.08 13:38:35.984,0.97353,0.97375,2.85,1.50
2013.04.08 13:38:38.483,0.97356,0.97379,2.25,2.25
2013.04.08 13:38:38.925,0.9736,0.97379,1.50,1.13
2013.04.08 13:38:39.886,0.9736,0.97381,1.65,1.28
2013.04.08 13:38:40.125,0.97361,0.97382,1.73,1.13
2013.04.08 13:38:41.034,0.97361,0.97382,1.65,2.25
2013.04.08 13:38:42.095,0.97359,0.97382,1.95,2.25
2013.04.08 13:38:46.773,0.97359,0.97382,1.95,1.88
2013.04.08 13:38:47.108,0.97361,0.97382,1.73,1.13
2013.04.08 13:38:47.341,0.97362,0.97383,1.58,1.50
2013.04.08 13:38:47.404,0.97364,0.97383,1.13,1.13
2013.04.08 13:38:48.084,0.97364,0.97387,1.95,1.65
2013.04.08 13:38:48.384,0.97364,0.97387,1.95,1.65
2013.04.08 13:38:48.566,0.97362,0.97382,1.58,1.13
2013.04.08 13:38:48.624,0.97359,0.97382,1.13,1.88
2013.04.08 13:38:53.555,0.97359,0.97382,1.50,1.88
2013.04.08 13:38:54.103,0.97359,0.97381,1.13,1.28
2013.04.08 13:38:54.404,0.97355,0.97375,1.58,1.28
2013.04.08 13:38:54.524,0.97352,0.97373,1.50,1.50
2013.04.08 13:38:56.184,0.97353,0.97375,1.58,1.65
2013.04.08 13:38:56.305,0.9735,0.97372,1.73,1.50
2013.04.08 13:38:56.365,0.97349,0.9737,1.28,1.50
2013.04.08 13:38:57.954,0.97349,0.97372,2.03,1.58
2013.04.08 13:38:58.076,0.97351,0.97374,1.50,1.73
2013.04.08 13:38:58.800,0.97348,0.9737,2.25,1.50
2013.04.08 13:38:59.881,0.97348,0.9737,1.50,1.50
2013.04.08 13:38:59.955,0.97348,0.97368,1.13,1.13
2013.04.08 13:39:00.474,0.97345,0.97365,1.13,1.50
2013.04.08 13:39:00.714,0.97345,0.97368,1.88,2.70
2013.04.08 13:39:01.136,0.97346,0.97368,1.13,1.88
2013.04.08 13:39:02.343,0.97346,0.97368,1.13,1.88
2013.04.08 13:39:02.653,0.97344,0.97366,1.28,1.65
2013.04.08 13:39:03.014,0.97342,0.97362,1.58,1.13
2013.04.08 13:39:03.384,0.9734,0.97362,1.65,1.13
2013.04.08 13:39:04.617,0.97341,0.97362,1.88,1.13
2013.04.08 13:39:04.710,0.9734,0.97362,1.65,1.13
2013.04.08 13:39:05.545,0.9734,0.97361,1.65,1.28
2013.04.08 13:39:06.503,0.97338,0.9736,1.13,1.65
2013.04.08 13:39:08.235,0.97338,0.9736,1.50,1.65
2013.04.08 13:39:08.574,0.9734,0.97362,1.73,1.88
2013.04.08 13:39:08.774,0.9734,0.97362,1.73,1.88
2013.04.08 13:39:09.603,0.97342,0.97362,1.50,1.88
2013.04.08 13:39:09.674,0.97343,0.97362,1.58,1.13
2013.04.08 13:39:12.603,0.97345,0.97362,1.50,1.13
2013.04.08 13:39:13.143,0.97342,0.97362,1.95,1.13
2013.04.08 13:39:14.973,0.9734,0.97362,2.03,1.13
2013.04.08 13:39:15.104,0.9734,0.97362,2.03,1.13
2013.04.08 13:39:16.644,0.9734,0.97362,1.65,1.13
2013.04.08 13:39:18.003,0.9734,0.9736,1.50,1.13
2013.04.08 13:39:18.733,0.9734,0.9736,1.50,1.13
2013.04.08 13:39:18.915,0.97336,0.97356,1.50,1.88
2013.04.08 13:39:19.453,0.97334,0.97354,2.25,1.65
2013.04.08 13:39:22.608,0.97336,0.97358,1.88,1.88
2013.04.08 13:39:23.146,0.97341,0.97364,1.65,2.25
2013.04.08 13:39:23.366,0.97341,0.9736,1.65,1.13
2013.04.08 13:39:23.544,0.97336,0.97358,2.25,1.13
2013.04.08 13:39:24.103,0.97337,0.97358,2.33,1.13
2013.04.08 13:39:26.023,0.97339,0.9736,1.73,1.65
2013.04.08 13:39:26.393,0.97336,0.97358,1.50,1.88
2013.04.08 13:39:26.922,0.97334,0.97357,1.50,2.33
2013.04.08 13:39:27.963,0.97337,0.97357,1.50,1.13
2013.04.08 13:39:28.603,0.97337,0.97358,2.33,1.50
2013.04.08 13:39:29.834,0.97336,0.97358,1.50,1.88
2013.04.08 13:39:30.003,0.97338,0.97358,1.50,1.13
2013.04.08 13:39:30.485,0.97336,0.97355,1.50,1.65
2013.04.08 13:39:30.663,0.97335,0.97355,1.88,1.65
2013.04.08 13:39:30.964,0.97343,0.97357,2.33,1.13
2013.04.08 13:39:31.084,0.97344,0.97357,1.58,1.13
2013.04.08 13:39:33.757,0.97343,0.97357,2.33,1.13
2013.04.08 13:39:33.825,0.97343,0.97357,1.58,1.13
2013.04.08 13:39:33.885,0.97343,0.97357,1.58,1.13
2013.04.08 13:39:33.944,0.9734,0.97357,1.50,1.13
2013.04.08 13:39:34.064,0.9734,0.97357,1.50,1.13
2013.04.08 13:39:34.383,0.97337,0.97356,2.40,1.28
2013.04.08 13:39:34.744,0.97336,0.97351,2.33,1.13
2013.04.08 13:39:34.803,0.97333,0.9735,1.50,1.13
2013.04.08 13:39:35.923,0.97332,0.97348,1.50,2.55
2013.04.08 13:39:36.517,0.9733,0.97347,1.58,2.33
2013.04.08 13:39:36.883,0.9733,0.97347,1.58,2.33
2013.04.08 13:39:37.124,0.97328,0.97346,2.33,2.70
2013.04.08 13:39:37.243,0.97328,0.97343,2.33,1.13
2013.04.08 13:39:37.603,0.97328,0.97343,2.33,1.13
2013.04.08 13:39:38.533,0.97331,0.97348,1.50,1.50
2013.04.08 13:39:42.590,0.97331,0.97348,1.50,1.50
2013.04.08 13:39:42.893,0.97332,0.97349,2.33,1.13
2013.04.08 13:39:43.354,0.97335,0.9735,1.50,1.28
2013.04.08 13:39:43.593,0.97336,0.97351,1.58,1.50
2013.04.08 13:39:44.373,0.97334,0.97351,1.50,1.13
2013.04.08 13:39:44.614,0.97334,0.97351,1.50,1.13
2013.04.08 13:39:44.674,0.97331,0.97351,1.50,1.13
2013.04.08 13:39:44.734,0.97331,0.97351,1.50,1.13
2013.04.08 13:39:44.973,0.97332,0.97353,1.13,1.13
2013.04.08 13:39:45.393,0.97336,0.97356,2.33,1.13
2013.04.08 13:39:45.715,0.9734,0.97356,1.58,1.13
2013.04.08 13:39:46.053,0.97342,0.97356,1.58,1.13
2013.04.08 13:39:46.543,0.9734,0.97356,1.50,1.13
2013.04.08 13:39:47.613,0.9734,0.97356,1.50,1.50
2013.04.08 13:39:47.674,0.97338,0.97356,1.58,1.50
2013.04.08 13:39:47.795,0.97337,0.97356,1.50,1.50
2013.04.08 13:39:48.094,0.97336,0.97354,1.50,1.28
2013.04.08 13:39:49.375,0.97333,0.97352,1.58,1.50
2013.04.08 13:39:49.733,0.97333,0.97352,1.58,1.50
2013.04.08 13:39:50.104,0.97336,0.97355,1.50,1.28
2013.04.08 13:39:50.283,0.97338,0.97356,1.58,1.13
2013.04.08 13:39:50.643,0.97342,0.97356,1.58,1.13
2013.04.08 13:39:52.784,0.97344,0.97356,1.50,1.13
2013.04.08 13:39:53.143,0.97348,0.97358,1.58,1.13
2013.04.08 13:39:53.263,0.97348,0.97365,1.58,1.50
2013.04.08 13:39:53.385,0.97349,0.97367,1.58,1.13
2013.04.08 13:39:53.444,0.97349,0.97371,1.58,1.28
2013.04.08 13:39:53.503,0.97353,0.97371,1.58,1.28
2013.04.08 13:39:53.967,0.97357,0.97371,1.50,1.28
2013.04.08 13:39:56.374,0.97357,0.97374,1.50,1.50
2013.04.08 13:39:56.554,0.97357,0.97376,1.65,1.13
2013.04.08 13:39:56.615,0.97357,0.97376,3.23,1.13
2013.04.08 13:39:56.913,0.97351,0.97369,1.58,1.13
2013.04.08 13:39:57.223,0.97351,0.97369,1.58,1.13
2013.04.08 13:39:57.344,0.97351,0.97368,1.58,1.28
2013.04.08 13:39:58.376,0.97351,0.97369,1.58,1.13
2013.04.08 13:39:58.554,0.97349,0.97369,1.58,2.93
2013.04.08 13:39:58.674,0.97345,0.97369,1.20,3.68
2013.04.08 13:40:00.324,0.97346,0.97367,2.48,1.28
2013.04.08 13:40:00.410,0.97345,0.97363,1.50,1.13
2013.04.08 13:40:02.584,0.97346,0.97363,1.58,1.13
2013.04.08 13:40:03.302,0.97349,0.97363,1.50,2.55
2013.04.08 13:40:04.513,0.97347,0.97358,1.58,1.13
2013.04.08 13:40:04.583,0.97345,0.97358,1.58,1.13
2013.04.08 13:40:04.807,0.97345,0.97361,1.58,1.13
2013.04.08 13:40:04.993,0.97345,0.97363,1.58,1.28
2013.04.08 13:40:05.053,0.97345,0.97364,1.58,1.28
2013.04.08 13:40:05.293,0.97345,0.97363,1.58,1.28
2013.04.08 13:40:05.563,0.97345,0.97364,1.58,1.28
2013.04.08 13:40:05.623,0.97345,0.97364,1.58,1.28
2013.04.08 13:40:06.993,0.97346,0.97361,2.33,1.13
2013.04.08 13:40:13.666,0.97348,0.97364,1.58,1.28
2013.04.08 13:40:15.903,0.97348,0.97367,1.73,1.28
2013.04.08 13:40:15.965,0.97349,0.97365,1.50,1.13
2013.04.08 13:40:16.273,0.97355,0.97369,1.50,1.13
2013.04.08 13:40:16.637,0.97355,0.97369,1.58,1.13
2013.04.08 13:40:17.203,0.97355,0.97363,1.58,1.13
2013.04.08 13:40:18.004,0.97352,0.97363,1.58,1.13
2013.04.08 13:40:18.674,0.97355,0.97364,1.58,1.13
2013.04.08 13:40:23.273,0.97357,0.97369,2.33,1.50
2013.04.08 13:40:23.334,0.97359,0.97369,1.58,1.13
2013.04.08 13:40:23.513,0.97359,0.97372,1.58,2.25
2013.04.08 13:40:23.634,0.97359,0.97372,1.58,1.50
2013.04.08 13:40:23.725,0.9736,0.97372,2.33,1.50
2013.04.08 13:40:24.174,0.97363,0.97372,1.50,2.25
2013.04.08 13:40:24.635,0.9736,0.97372,1.50,2.25
2013.04.08 13:40:24.736,0.9736,0.97372,1.50,1.50
2013.04.08 13:40:27.554,0.97358,0.97372,1.58,1.65
2013.04.08 13:40:27.614,0.97356,0.97372,1.58,1.65
2013.04.08 13:40:27.674,0.97355,0.97372,1.50,1.65
2013.04.08 13:40:32.205,0.97352,0.97372,1.58,2.03
2013.04.08 13:40:32.263,0.97351,0.97372,1.50,2.78
2013.04.08 13:40:32.599,0.97351,0.97371,1.50,1.13
2013.04.08 13:40:34.204,0.97351,0.9737,1.50,1.13
2013.04.08 13:40:35.023,0.97348,0.97369,1.58,1.13
2013.04.08 13:40:35.698,0.97351,0.9737,1.50,1.13
2013.04.08 13:40:36.052,0.97352,0.9737,1.58,1.13
2013.04.08 13:40:36.365,0.97354,0.97372,1.58,1.65
2013.04.08 13:40:36.904,0.97353,0.97372,1.50,1.65
2013.04.08 13:40:36.964,0.97351,0.97371,2.25,1.13
2013.04.08 13:40:37.283,0.97351,0.9737,1.50,1.13
2013.04.08 13:40:38.755,0.97351,0.9737,1.50,1.13
2013.04.08 13:40:39.130,0.97351,0.97371,1.50,1.13
2013.04.08 13:40:40.044,0.97349,0.9737,1.58,1.13
2013.04.08 13:40:40.621,0.97349,0.97368,1.58,1.88
2013.04.08 13:40:41.245,0.97348,0.97368,1.58,1.88
2013.04.08 13:40:42.164,0.9735,0.97368,1.50,1.13
2013.04.08 13:40:42.224,0.9735,0.97371,1.50,1.13
2013.04.08 13:40:42.563,0.97348,0.9737,1.95,1.50
2013.04.08 13:40:42.627,0.9735,0.97372,1.65,3.45
2013.04.08 13:40:42.984,0.97353,0.97372,1.58,1.50
2013.04.08 13:40:43.326,0.97356,0.97372,1.50,1.50
2013.04.08 13:40:44.580,0.97352,0.97372,1.58,2.63
2013.04.08 13:40:44.855,0.9735,0.97372,1.73,2.63
2013.04.08 13:40:45.104,0.97352,0.97372,1.58,2.63
2013.04.08 13:40:47.425,0.97352,0.97372,1.58,3.00
2013.04.08 13:40:47.663,0.9735,0.97369,1.50,1.13
2013.04.08 13:40:48.254,0.97351,0.97369,1.50,1.13
2013.04.08 13:40:48.374,0.97353,0.97372,1.58,2.25
2013.04.08 13:40:48.703,0.97354,0.97371,1.58,1.13
2013.04.08 13:40:48.763,0.97354,0.97371,1.58,1.13
2013.04.08 13:40:49.093,0.97352,0.97371,2.25,1.13
2013.04.08 13:40:49.153,0.97354,0.97371,1.58,1.13
2013.04.08 13:40:51.284,0.97358,0.97372,1.58,2.25
2013.04.08 13:40:53.463,0.97358,0.97372,1.58,1.50
2013.04.08 13:40:53.644,0.97361,0.97372,1.50,1.50
2013.04.08 13:40:56.173,0.97361,0.97372,3.83,1.50
2013.04.08 13:40:56.354,0.9736,0.97375,1.58,1.90
2013.04.08 13:40:56.614,0.97365,0.97382,1.58,1.90
2013.04.08 13:40:56.674,0.97364,0.97382,1.50,1.90
2013.04.08 13:40:57.998,0.97365,0.97382,1.50,1.90
2013.04.08 13:40:58.546,0.97363,0.97382,1.58,1.90
2013.04.08 13:40:58.604,0.97365,0.97382,2.33,1.90
2013.04.08 13:40:58.725,0.97366,0.97382,2.33,1.15
2013.04.08 13:40:58.964,0.97366,0.97382,1.50,1.15
2013.04.08 13:40:59.784,0.97366,0.97382,2.33,1.15
2013.04.08 13:41:00.134,0.97366,0.97382,2.33,2.35
2013.04.08 13:41:00.255,0.97361,0.97382,2.33,1.75
2013.04.08 13:41:01.274,0.97363,0.97383,1.50,2.28
2013.04.08 13:41:01.394,0.97364,0.97383,1.58,1.90
2013.04.08 13:41:01.753,0.97367,0.97383,1.58,1.90
2013.04.08 13:41:03.804,0.97369,0.97383,1.50,1.15
2013.04.08 13:41:04.420,0.9737,0.97383,1.50,1.15
2013.04.08 13:41:05.361,0.9737,0.97388,1.50,1.13
2013.04.08 13:41:05.543,0.9737,0.9739,1.50,1.13
2013.04.08 13:41:05.895,0.9737,0.9739,1.50,1.13
2013.04.08 13:41:06.014,0.97366,0.97386,1.13,1.13
2013.04.08 13:41:06.194,0.97366,0.97389,1.88,1.50
2013.04.08 13:41:06.433,0.97371,0.9739,1.58,1.28
2013.04.08 13:41:06.617,0.97368,0.9739,1.13,1.28
2013.04.08 13:41:15.413,0.97366,0.97385,1.50,1.13
2013.04.08 13:41:15.833,0.97363,0.97385,1.50,1.13
2013.04.08 13:41:18.594,0.97367,0.97385,1.50,1.50
2013.04.08 13:41:20.383,0.97369,0.97388,1.50,1.13
2013.04.08 13:41:20.743,0.97364,0.97385,1.58,1.13
2013.04.08 13:41:20.994,0.97367,0.97389,1.73,1.50
2013.04.08 13:41:25.763,0.97369,0.9739,3.08,1.65
2013.04.08 13:41:25.884,0.97371,0.97394,2.33,2.25
2013.04.08 13:41:26.591,0.97371,0.97394,2.48,1.88
2013.04.08 13:41:26.656,0.97377,0.97401,1.50,1.88
2013.04.08 13:41:27.115,0.97377,0.974,1.13,1.13
2013.04.08 13:41:29.825,0.97376,0.97396,1.58,1.13
2013.04.08 13:41:30.074,0.97374,0.97396,1.50,1.13
2013.04.08 13:41:30.194,0.97375,0.97399,1.50,2.78
2013.04.08 13:41:30.315,0.97375,0.97399,1.88,2.03
2013.04.08 13:41:30.625,0.97374,0.97391,1.50,1.13
2013.04.08 13:41:30.984,0.97369,0.97391,1.58,1.50
2013.04.08 13:41:31.344,0.97366,0.97389,1.73,2.03
2013.04.08 13:41:31.963,0.97363,0.97386,1.50,1.50
2013.04.08 13:41:33.325,0.97363,0.97383,1.50,1.50
2013.04.08 13:41:33.445,0.97357,0.97378,1.50,1.13
2013.04.08 13:41:33.503,0.97356,0.97378,1.50,1.13
2013.04.08 13:41:33.864,0.97353,0.97375,1.65,1.13
2013.04.08 13:41:33.924,0.97353,0.97373,1.50,1.13
2013.04.08 13:41:34.424,0.97351,0.97373,1.50,1.13
2013.04.08 13:41:35.653,0.9735,0.9737,1.50,1.13
2013.04.08 13:41:36.405,0.97351,0.97373,1.50,1.50
2013.04.08 13:41:37.628,0.9735,0.9737,1.50,1.13
2013.04.08 13:41:38.125,0.97347,0.9737,2.33,1.13
2013.04.08 13:41:38.364,0.97349,0.9737,1.58,1.13
2013.04.08 13:41:38.995,0.97351,0.97373,1.50,2.25
2013.04.08 13:41:39.395,0.97352,0.97373,2.33,2.25
2013.04.08 13:41:40.413,0.97352,0.97376,2.33,2.03
2013.04.08 13:41:42.874,0.97357,0.97375,1.50,1.28
2013.04.08 13:41:42.994,0.97357,0.97377,2.25,1.50
2013.04.08 13:41:43.515,0.97358,0.97378,1.50,1.13
2013.04.08 13:41:43.694,0.97359,0.97378,1.58,1.13
2013.04.08 13:41:43.814,0.97359,0.97378,1.50,1.13
2013.04.08 13:41:45.283,0.97357,0.97377,1.50,1.13
2013.04.08 13:41:46.274,0.97357,0.97378,2.33,1.13
2013.04.08 13:41:46.915,0.9736,0.9738,1.50,1.50
2013.04.08 13:41:47.444,0.97361,0.97382,2.33,1.13
2013.04.08 13:41:47.624,0.97361,0.97382,2.33,1.13
2013.04.08 13:41:48.432,0.97364,0.97382,2.33,1.28
2013.04.08 13:41:48.554,0.97368,0.9739,3.08,1.50
2013.04.08 13:41:48.614,0.97372,0.9739,1.58,1.50
2013.04.08 13:41:48.735,0.9737,0.9739,1.58,1.50
2013.04.08 13:41:48.853,0.97368,0.9739,1.58,1.50
2013.04.08 13:41:49.624,0.9737,0.97391,1.50,1.50
2013.04.08 13:41:50.484,0.97368,0.9739,1.73,2.25
2013.04.08 13:41:51.048,0.97371,0.97392,1.50,1.50
2013.04.08 13:41:54.245,0.97369,0.9739,1.73,1.13
2013.04.08 13:41:54.564,0.97367,0.9739,2.33,1.88
2013.04.08 13:41:55.895,0.97366,0.97389,1.88,1.65
2013.04.08 13:41:56.135,0.97364,0.97384,1.13,1.65
2013.04.08 13:41:58.506,0.97364,0.97384,1.50,1.65
2013.04.08 13:41:58.684,0.97364,0.97384,1.13,1.65
2013.04.08 13:41:59.224,0.97365,0.97385,1.13,1.13
2013.04.08 13:41:59.546,0.97367,0.97388,1.50,1.88
2013.04.08 13:42:00.070,0.97368,0.97385,1.50,1.13
2013.04.08 13:42:01.334,0.97366,0.97387,1.50,1.13
2013.04.08 13:42:02.605,0.97364,0.97385,1.88,1.88
2013.04.08 13:42:03.144,0.97366,0.97388,1.88,1.88
2013.04.08 13:42:03.704,0.97365,0.97385,1.13,1.13
2013.04.08 13:42:04.311,0.97366,0.97388,1.50,1.88
2013.04.08 13:42:04.924,0.97365,0.97385,1.13,1.13
2013.04.08 13:42:05.544,0.97366,0.97388,1.50,1.13
2013.04.08 13:42:06.125,0.97364,0.97387,2.10,1.13
2013.04.08 13:42:06.713,0.97366,0.97388,1.50,1.88
2013.04.08 13:42:08.856,0.97364,0.97384,2.03,1.50
2013.04.08 13:42:08.916,0.97364,0.97384,1.13,1.88
2013.04.08 13:42:08.977,0.97361,0.97382,2.25,1.13
2013.04.08 13:42:09.349,0.97357,0.9738,1.88,1.88
2013.04.08 13:42:09.489,0.97358,0.9738,1.13,1.88
2013.04.08 13:42:11.114,0.97359,0.9738,1.50,1.13
2013.04.08 13:42:11.415,0.97359,0.97379,1.50,1.28
2013.04.08 13:42:11.476,0.9736,0.97379,1.50,1.28
2013.04.08 13:42:15.616,0.97359,0.97379,1.13,1.65
2013.04.08 13:42:15.834,0.97357,0.97379,2.33,1.65
2013.04.08 13:42:15.956,0.97357,0.97374,1.58,1.13
2013.04.08 13:42:16.316,0.97357,0.97373,1.58,1.13
2013.04.08 13:42:16.554,0.97353,0.97373,1.58,1.13
2013.04.08 13:42:16.614,0.97352,0.97373,1.50,1.88
2013.04.08 13:42:17.817,0.97352,0.97373,1.50,1.95
2013.04.08 13:42:18.794,0.97352,0.97373,1.50,1.95
2013.04.08 13:42:18.975,0.97355,0.97373,1.13,1.58
2013.04.08 13:42:19.154,0.97352,0.97371,2.18,1.13
2013.04.08 13:42:19.336,0.97351,0.97373,1.58,1.50
2013.04.08 13:42:19.459,0.97351,0.97371,1.50,1.20
2013.04.08 13:42:20.544,0.97349,0.97371,2.03,1.95
2013.04.08 13:42:23.004,0.97349,0.97371,1.28,1.13
2013.04.08 13:42:24.734,0.97348,0.9737,1.28,1.65
2013.04.08 13:42:24.975,0.97349,0.97371,1.28,1.88
2013.04.08 13:42:25.258,0.97348,0.9737,1.28,1.65
2013.04.08 13:42:27.064,0.97348,0.9737,1.13,1.50
2013.04.08 13:42:27.124,0.97348,0.97371,1.20,1.50
2013.04.08 13:42:27.484,0.97354,0.97378,1.95,1.65
2013.04.08 13:42:27.664,0.9736,0.97381,1.13,1.13
2013.04.08 13:42:28.324,0.97361,0.97384,1.65,2.03
2013.04.08 13:42:29.524,0.9736,0.97383,1.88,1.95
2013.04.08 13:42:30.285,0.9736,0.97382,1.13,2.33
2013.04.08 13:42:31.034,0.9736,0.97379,1.13,1.58
2013.04.08 13:42:32.423,0.9736,0.97378,1.13,1.50
2013.04.08 13:42:33.289,0.9736,0.9738,1.13,1.58
2013.04.08 13:42:33.899,0.97357,0.97378,1.50,1.65
2013.04.08 13:42:34.424,0.97354,0.97377,2.93,1.50
2013.04.08 13:42:34.605,0.97361,0.97384,1.88,2.63
2013.04.08 13:42:35.215,0.97362,0.97385,3.53,1.50
2013.04.08 13:42:35.394,0.97362,0.97384,2.33,2.33
