2011.11.11 16:00:00.001,0.92166,0.92189,1.50,1.13
2011.11.11 16:00:00.554,0.92166,0.92189,1.50,1.13
2011.11.11 16:00:00.674,0.92166,0.92189,1.50,1.13
2011.11.11 16:00:01.074,0.92166,0.92188,1.50,2.25
2011.11.11 16:00:01.189,0.92166,0.92189,1.50,1.13
2011.11.11 16:00:01.311,0.92166,0.92189,1.50,1.13
2011.11.11 16:00:01.703,0.92166,0.92189,1.50,1.13
2011.11.11 16:00:02.366,0.92163,0.92189,1.50,1.88
2011.11.11 16:00:02.918,0.92163,0.92189,1.50,1.50
2011.11.11 16:00:03.251,0.92163,0.92191,1.50,1.50
2011.11.11 16:00:03.592,0.92162,0.92188,1.50,1.13
2011.11.11 16:00:03.713,0.92159,0.92185,1.50,1.50
2011.11.11 16:00:03.834,0.9215,0.92178,1.50,1.88
2011.11.11 16:00:04.413,0.92159,0.92185,1.50,1.50
2011.11.11 16:00:04.530,0.92159,0.92186,1.50,1.13
2011.11.11 16:00:05.299,0.92159,0.92185,1.50,1.50
2011.11.11 16:00:05.641,0.92152,0.92177,1.50,1.13
2011.11.11 16:00:06.354,0.9215,0.92176,1.50,1.50
2011.11.11 16:00:06.708,0.92153,0.92178,1.50,1.50
2011.11.11 16:00:07.391,0.92152,0.92174,1.50,1.50
2011.11.11 16:00:07.900,0.9215,0.92174,1.50,1.50
2011.11.11 16:00:08.832,0.92154,0.92182,1.50,1.13
2011.11.11 16:00:09.172,0.92154,0.92178,1.50,1.13
2011.11.11 16:00:09.399,0.92153,0.92174,1.50,1.13
2011.11.11 16:00:09.520,0.92148,0.92174,1.50,1.88
2011.11.11 16:00:09.641,0.92146,0.92172,1.50,3.68
2011.11.11 16:00:10.549,0.92146,0.92172,1.50,2.93
2011.11.11 16:00:10.900,0.9215,0.92173,1.50,2.93
2011.11.11 16:00:11.331,0.92145,0.9217,1.50,1.88
2011.11.11 16:00:11.449,0.92148,0.9217,1.50,1.13
2011.11.11 16:00:11.869,0.92148,0.9217,1.50,1.13
2011.11.11 16:00:12.194,0.92148,0.9217,1.50,1.13
2011.11.11 16:00:12.794,0.92148,0.92173,1.50,3.30
2011.11.11 16:00:13.019,0.92145,0.9217,1.50,1.13
2011.11.11 16:00:13.670,0.92145,0.9217,1.50,1.13
2011.11.11 16:00:15.478,0.92145,0.9217,1.50,1.13
2011.11.11 16:00:16.092,0.92146,0.92173,1.13,3.68
2011.11.11 16:00:16.711,0.92149,0.92175,1.50,1.50
2011.11.11 16:00:16.828,0.9215,0.92178,1.50,1.88
2011.11.11 16:00:16.950,0.92154,0.92178,1.50,1.13
2011.11.11 16:00:17.253,0.92155,0.92179,1.50,1.13
2011.11.11 16:00:17.765,0.92157,0.92182,1.50,2.18
2011.11.11 16:00:17.883,0.92153,0.92181,1.50,1.50
2011.11.11 16:00:17.998,0.92157,0.92183,1.50,1.88
2011.11.11 16:00:18.540,0.92153,0.92181,1.50,1.50
2011.11.11 16:00:19.785,0.9215,0.92179,1.50,1.88
2011.11.11 16:00:19.902,0.9215,0.92176,1.50,1.50
2011.11.11 16:00:22.701,0.9215,0.92174,1.50,1.50
2011.11.11 16:00:23.560,0.9215,0.92176,1.50,1.50
2011.11.11 16:00:28.925,0.92152,0.92174,1.50,1.50
2011.11.11 16:00:29.259,0.9215,0.92174,1.50,1.50
2011.11.11 16:00:29.601,0.9215,0.92174,1.50,1.50
2011.11.11 16:00:29.857,0.9215,0.92174,1.50,1.50
2011.11.11 16:00:30.444,0.9215,0.92174,1.50,1.50
2011.11.11 16:00:30.597,0.9215,0.92174,1.50,1.50
2011.11.11 16:00:30.823,0.92145,0.9217,1.50,1.50
2011.11.11 16:00:31.551,0.92148,0.9217,1.50,1.50
2011.11.11 16:00:31.812,0.92149,0.92173,1.50,1.50
2011.11.11 16:00:31.929,0.92149,0.92173,1.50,1.50
2011.11.11 16:00:32.477,0.92138,0.92162,1.50,2.18
2011.11.11 16:00:32.838,0.92142,0.92164,1.50,1.13
2011.11.11 16:00:34.248,0.92142,0.92167,1.50,1.13
2011.11.11 16:00:34.840,0.92147,0.92173,1.50,1.50
2011.11.11 16:00:37.548,0.9215,0.92175,1.50,1.13
2011.11.11 16:00:38.103,0.9215,0.92175,1.50,1.88
2011.11.11 16:00:38.976,0.9215,0.92175,1.50,1.13
2011.11.11 16:00:43.054,0.92153,0.92175,1.13,1.50
2011.11.11 16:00:43.838,0.92154,0.92182,1.88,1.50
2011.11.11 16:00:46.232,0.92154,0.92178,1.50,1.13
2011.11.11 16:00:46.352,0.9215,0.92177,1.50,1.13
2011.11.11 16:00:47.493,0.92155,0.9218,1.50,1.50
2011.11.11 16:00:47.611,0.92158,0.92184,1.13,2.25
2011.11.11 16:00:47.730,0.92159,0.92184,1.50,1.50
2011.11.11 16:00:47.850,0.92159,0.92184,1.50,1.50
2011.11.11 16:00:48.078,0.92159,0.92184,1.50,1.50
2011.11.11 16:00:48.198,0.92155,0.9218,1.50,1.50
2011.11.11 16:00:48.573,0.92155,0.92183,1.50,1.50
2011.11.11 16:00:49.200,0.92152,0.9218,1.50,1.50
2011.11.11 16:00:49.824,0.92149,0.92175,1.50,1.50
2011.11.11 16:00:50.490,0.9215,0.92179,1.50,1.50
2011.11.11 16:00:50.607,0.92153,0.92179,1.50,1.50
2011.11.11 16:00:50.953,0.92157,0.92182,1.50,1.13
2011.11.11 16:00:51.974,0.92157,0.92185,1.88,1.50
2011.11.11 16:00:52.471,0.92161,0.92187,1.50,1.50
2011.11.11 16:00:53.443,0.92158,0.92184,1.50,1.50
2011.11.11 16:00:53.558,0.92156,0.92184,1.50,2.25
2011.11.11 16:00:54.239,0.92162,0.92186,1.50,1.50
2011.11.11 16:00:55.292,0.92162,0.92188,1.50,2.25
2011.11.11 16:00:56.382,0.92162,0.92186,1.50,1.50
2011.11.11 16:00:57.011,0.92162,0.92186,1.50,1.50
2011.11.11 16:00:57.231,0.92159,0.92183,1.13,1.50
2011.11.11 16:00:57.969,0.92159,0.92183,1.73,1.50
2011.11.11 16:00:58.202,0.92161,0.92188,1.88,1.50
2011.11.11 16:00:58.871,0.92164,0.92189,1.35,1.50
2011.11.11 16:00:58.991,0.92165,0.92189,1.50,1.50
2011.11.11 16:00:59.113,0.9216,0.92188,1.50,2.25
2011.11.11 16:00:59.650,0.92162,0.92188,1.50,1.50
2011.11.11 16:00:59.777,0.92162,0.9219,1.50,1.50
2011.11.11 16:01:00.396,0.92162,0.92191,1.50,1.50
2011.11.11 16:01:01.042,0.92166,0.92192,1.50,4.05
2011.11.11 16:01:01.410,0.92163,0.92189,1.50,1.50
2011.11.11 16:01:02.035,0.92165,0.92192,1.50,2.93
2011.11.11 16:01:03.300,0.92165,0.92191,1.50,1.50
2011.11.11 16:01:04.230,0.92165,0.92193,1.50,2.25
2011.11.11 16:01:04.547,0.92165,0.92191,1.50,1.50
2011.11.11 16:01:05.390,0.92165,0.92193,1.50,1.50
2011.11.11 16:01:05.880,0.92165,0.92191,1.50,1.50
2011.11.11 16:01:06.430,0.92165,0.92193,1.50,2.25
2011.11.11 16:01:07.440,0.92165,0.92191,1.50,1.50
2011.11.11 16:01:07.660,0.92165,0.92193,1.50,2.25
2011.11.11 16:01:09.677,0.92167,0.92193,1.13,1.50
2011.11.11 16:01:11.581,0.92163,0.92189,1.50,1.50
2011.11.11 16:01:14.990,0.92163,0.9219,1.50,1.50
2011.11.11 16:01:15.604,0.92165,0.9219,1.50,1.50
2011.11.11 16:01:15.829,0.92164,0.92188,1.50,1.88
2011.11.11 16:01:17.652,0.92163,0.92188,1.50,1.88
2011.11.11 16:01:18.029,0.9216,0.92187,1.50,1.13
2011.11.11 16:01:18.149,0.92158,0.92184,1.50,1.50
2011.11.11 16:01:18.789,0.92158,0.92186,1.50,1.50
2011.11.11 16:01:18.966,0.92156,0.92186,1.50,1.50
2011.11.11 16:01:19.079,0.92154,0.92182,1.50,1.50
2011.11.11 16:01:19.950,0.92154,0.9218,1.50,1.50
2011.11.11 16:01:20.070,0.92151,0.92177,1.50,1.50
2011.11.11 16:01:21.308,0.92151,0.92179,1.50,2.25
2011.11.11 16:01:21.428,0.92155,0.92179,1.50,1.50
2011.11.11 16:01:21.550,0.92151,0.92179,1.50,2.25
2011.11.11 16:01:21.667,0.92151,0.92177,1.50,1.88
2011.11.11 16:01:22.002,0.92151,0.92175,1.50,1.50
2011.11.11 16:01:23.753,0.92145,0.92171,1.88,1.50
2011.11.11 16:01:23.870,0.92145,0.9217,1.50,1.50
2011.11.11 16:01:24.391,0.92149,0.92173,1.50,1.50
2011.11.11 16:01:24.508,0.92149,0.92173,1.50,1.50
2011.11.11 16:01:25.708,0.92145,0.92173,1.50,2.25
2011.11.11 16:01:25.910,0.92145,0.92171,1.50,1.50
2011.11.11 16:01:26.460,0.92145,0.92173,1.50,2.25
2011.11.11 16:01:26.580,0.92147,0.92173,1.50,1.50
2011.11.11 16:01:26.922,0.92157,0.92181,1.13,1.50
2011.11.11 16:01:27.526,0.92158,0.92186,1.50,1.50
2011.11.11 16:01:28.130,0.92166,0.92193,1.50,1.50
2011.11.11 16:01:29.079,0.92164,0.92193,1.50,1.88
2011.11.11 16:01:29.602,0.92165,0.92193,1.50,1.88
2011.11.11 16:01:30.329,0.92163,0.9219,1.50,1.50
2011.11.11 16:01:30.450,0.92163,0.92189,1.50,1.50
2011.11.11 16:01:31.453,0.92165,0.92193,1.50,1.50
2011.11.11 16:01:33.959,0.92163,0.92189,1.50,1.50
2011.11.11 16:01:34.559,0.92159,0.92186,1.13,1.50
2011.11.11 16:01:39.618,0.92155,0.92181,1.88,1.50
2011.11.11 16:01:39.962,0.92161,0.92185,1.87,1.50
2011.11.11 16:01:40.192,0.92161,0.92185,1.12,1.50
2011.11.11 16:01:42.218,0.92159,0.92183,1.50,1.13
2011.11.11 16:01:42.340,0.92155,0.92181,1.50,1.50
2011.11.11 16:01:42.930,0.92151,0.92177,1.50,1.50
2011.11.11 16:01:44.785,0.92151,0.92176,1.50,1.88
2011.11.11 16:01:45.558,0.92151,0.92176,1.50,1.13
2011.11.11 16:01:46.769,0.92152,0.92177,1.35,1.50
2011.11.11 16:01:46.888,0.92162,0.92183,1.50,1.13
2011.11.11 16:01:47.371,0.92158,0.92185,1.50,1.35
2011.11.11 16:01:47.483,0.92158,0.92186,1.50,2.25
2011.11.11 16:01:48.507,0.92158,0.92183,1.50,1.13
2011.11.11 16:01:48.729,0.92156,0.92181,1.50,1.13
2011.11.11 16:01:48.849,0.92154,0.92181,1.50,1.13
2011.11.11 16:01:49.300,0.92159,0.92184,1.50,1.88
2011.11.11 16:01:49.640,0.92159,0.92182,1.50,3.30
2011.11.11 16:01:49.928,0.92154,0.9218,1.50,1.50
2011.11.11 16:01:50.736,0.92154,0.92182,1.50,1.50
2011.11.11 16:01:54.934,0.92148,0.92176,1.87,1.13
2011.11.11 16:01:55.051,0.92148,0.92174,1.50,1.50
2011.11.11 16:01:57.101,0.92148,0.92175,1.50,1.50
2011.11.11 16:01:57.221,0.92155,0.92179,1.50,1.50
2011.11.11 16:01:58.082,0.92155,0.92183,1.50,1.50
2011.11.11 16:01:58.200,0.92159,0.92185,1.50,1.50
2011.11.11 16:02:00.382,0.92154,0.92183,1.50,1.50
2011.11.11 16:02:00.501,0.92154,0.92182,1.50,1.50
2011.11.11 16:02:00.895,0.92154,0.92184,1.50,1.50
2011.11.11 16:02:01.010,0.92158,0.92186,1.50,1.50
2011.11.11 16:02:01.763,0.92158,0.92184,1.50,1.50
2011.11.11 16:02:02.283,0.92158,0.92186,1.50,1.88
2011.11.11 16:02:03.732,0.92159,0.92184,1.50,1.50
2011.11.11 16:02:04.318,0.92159,0.92185,1.50,1.50
2011.11.11 16:02:04.981,0.92159,0.92184,1.50,1.50
2011.11.11 16:02:05.510,0.92154,0.92178,1.87,1.50
2011.11.11 16:02:06.053,0.92152,0.92178,1.50,1.50
2011.11.11 16:02:06.171,0.9215,0.92176,1.50,1.50
2011.11.11 16:02:06.291,0.92154,0.92178,1.50,1.50
2011.11.11 16:02:06.631,0.92157,0.92183,1.50,2.25
2011.11.11 16:02:06.748,0.92157,0.92183,1.50,1.88
2011.11.11 16:02:08.141,0.92153,0.92181,1.50,1.50
2011.11.11 16:02:14.510,0.9215,0.92178,2.25,2.25
2011.11.11 16:02:14.740,0.9215,0.92176,2.25,1.50
2011.11.11 16:02:15.614,0.92154,0.9218,1.50,1.50
2011.11.11 16:02:16.050,0.92148,0.92176,1.50,1.88
2011.11.11 16:02:16.172,0.9215,0.92176,1.50,1.13
2011.11.11 16:02:16.649,0.92152,0.92182,1.50,1.50
2011.11.11 16:02:16.767,0.92156,0.92182,1.50,1.50
2011.11.11 16:02:16.889,0.92156,0.92181,1.50,1.50
2011.11.11 16:02:17.692,0.92153,0.92178,1.50,1.50
2011.11.11 16:02:18.502,0.92149,0.92174,1.50,1.13
2011.11.11 16:02:19.017,0.92148,0.92173,1.50,1.50
2011.11.11 16:02:19.588,0.92147,0.92173,1.50,2.25
2011.11.11 16:02:20.108,0.92145,0.92173,1.50,2.25
2011.11.11 16:02:20.229,0.92143,0.92169,1.50,1.50
2011.11.11 16:02:21.204,0.92132,0.9216,1.50,1.50
2011.11.11 16:02:21.320,0.92132,0.92158,1.50,1.50
2011.11.11 16:02:22.058,0.92127,0.92155,1.50,1.50
2011.11.11 16:02:23.743,0.92127,0.92153,1.50,1.50
2011.11.11 16:02:28.251,0.92129,0.92153,1.13,2.25
2011.11.11 16:02:28.370,0.92131,0.92157,1.50,1.50
2011.11.11 16:02:28.489,0.92129,0.92153,1.50,1.13
2011.11.11 16:02:28.611,0.92127,0.92152,1.50,2.93
2011.11.11 16:02:29.058,0.92122,0.92148,1.50,1.50
2011.11.11 16:02:29.177,0.92121,0.92146,1.50,1.50
2011.11.11 16:02:30.672,0.92121,0.92146,1.50,1.50
2011.11.11 16:02:31.981,0.92121,0.92148,1.50,1.50
2011.11.11 16:02:32.098,0.92124,0.9215,1.50,1.50
2011.11.11 16:02:34.040,0.92119,0.92143,1.50,2.18
2011.11.11 16:02:34.269,0.92114,0.92142,1.50,1.50
2011.11.11 16:02:34.394,0.92109,0.92133,1.50,2.55
2011.11.11 16:02:34.509,0.92106,0.92131,1.88,1.13
2011.11.11 16:02:34.630,0.92104,0.92128,1.13,1.50
2011.11.11 16:02:35.391,0.92102,0.92128,1.87,1.50
2011.11.11 16:02:36.150,0.92098,0.92124,1.50,1.50
2011.11.11 16:02:36.269,0.92101,0.92129,1.50,1.50
2011.11.11 16:02:36.498,0.92102,0.92129,1.50,1.50
2011.11.11 16:02:41.058,0.92103,0.92129,1.13,1.50
2011.11.11 16:02:41.184,0.92101,0.92129,1.50,1.50
2011.11.11 16:02:41.298,0.92098,0.92122,1.12,1.50
2011.11.11 16:02:41.967,0.921,0.92122,1.12,1.50
2011.11.11 16:02:42.085,0.92102,0.92126,1.13,1.50
2011.11.11 16:02:42.814,0.92102,0.92126,1.13,1.50
2011.11.11 16:02:44.082,0.92092,0.92118,1.88,1.50
2011.11.11 16:02:44.713,0.92086,0.92112,1.50,1.50
2011.11.11 16:02:47.818,0.92086,0.92114,1.50,1.50
2011.11.11 16:02:47.938,0.92089,0.92117,1.50,1.88
2011.11.11 16:02:49.172,0.92089,0.92117,1.50,1.13
2011.11.11 16:02:51.038,0.92094,0.92118,1.50,1.13
2011.11.11 16:02:52.369,0.92094,0.92117,1.50,1.13
2011.11.11 16:02:56.171,0.92094,0.92118,1.50,1.13
2011.11.11 16:02:57.599,0.92094,0.92118,1.50,1.13
2011.11.11 16:02:59.252,0.92094,0.92122,1.50,1.50
2011.11.11 16:02:59.369,0.92098,0.92124,1.50,1.50
2011.11.11 16:03:01.029,0.92098,0.92122,1.50,1.50
2011.11.11 16:03:01.369,0.92098,0.92122,1.50,2.93
2011.11.11 16:03:01.601,0.921,0.92123,1.88,1.50
2011.11.11 16:03:01.721,0.92105,0.92129,1.50,1.13
2011.11.11 16:03:01.844,0.921,0.92126,1.50,1.50
2011.11.11 16:03:02.074,0.92104,0.92129,1.50,1.50
2011.11.11 16:03:02.900,0.92102,0.92127,1.50,1.50
2011.11.11 16:03:04.138,0.92102,0.92127,1.50,1.50
2011.11.11 16:03:04.720,0.92102,0.92122,1.50,1.50
2011.11.11 16:03:04.839,0.92097,0.92122,1.50,1.50
2011.11.11 16:03:04.960,0.92098,0.92122,1.50,1.50
2011.11.11 16:03:05.190,0.92099,0.92127,1.50,2.25
2011.11.11 16:03:05.751,0.92103,0.92131,1.50,1.50
2011.11.11 16:03:05.978,0.92108,0.92133,1.50,1.88
2011.11.11 16:03:07.112,0.92108,0.92133,1.50,1.50
2011.11.11 16:03:07.709,0.92103,0.92131,1.50,1.50
2011.11.11 16:03:10.282,0.92107,0.92132,1.50,1.13
2011.11.11 16:03:12.521,0.92111,0.92136,1.50,1.50
2011.11.11 16:03:12.898,0.92111,0.92137,1.50,1.50
2011.11.11 16:03:16.116,0.9212,0.92142,1.50,2.18
2011.11.11 16:03:16.232,0.9212,0.92146,1.50,1.50
2011.11.11 16:03:16.792,0.92119,0.92145,1.50,1.13
2011.11.11 16:03:18.188,0.92115,0.92141,1.50,1.50
2011.11.11 16:03:19.149,0.92111,0.92137,1.50,1.50
2011.11.11 16:03:19.581,0.92115,0.9214,1.50,1.13
2011.11.11 16:03:20.890,0.92112,0.92137,1.50,1.50
2011.11.11 16:03:23.521,0.92116,0.92142,1.50,1.50
2011.11.11 16:03:25.189,0.92114,0.9214,1.50,1.50
2011.11.11 16:03:25.528,0.9211,0.92136,1.50,1.50
2011.11.11 16:03:28.219,0.9211,0.92135,1.50,1.73
2011.11.11 16:03:28.448,0.92102,0.92128,1.50,1.50
2011.11.11 16:03:30.480,0.92102,0.92127,1.50,1.50
2011.11.11 16:03:30.999,0.92099,0.92123,1.50,1.13
2011.11.11 16:03:31.122,0.92097,0.92123,1.50,1.13
2011.11.11 16:03:31.569,0.92095,0.92121,1.50,1.13
2011.11.11 16:03:31.691,0.92094,0.9212,1.50,1.50
2011.11.11 16:03:34.477,0.92095,0.9212,1.50,1.50
2011.11.11 16:03:35.552,0.92097,0.9212,1.35,1.50
2011.11.11 16:03:35.781,0.92106,0.92132,1.50,2.93
2011.11.11 16:03:35.901,0.92102,0.9213,1.50,1.50
2011.11.11 16:03:38.922,0.92102,0.9213,1.50,1.88
2011.11.11 16:03:39.321,0.92098,0.92126,1.50,1.50
2011.11.11 16:03:40.259,0.92088,0.92112,2.10,2.93
2011.11.11 16:03:40.379,0.92086,0.92112,1.87,2.93
2011.11.11 16:03:40.899,0.92088,0.92112,1.35,2.93
2011.11.11 16:03:41.017,0.92096,0.92122,1.50,2.93
2011.11.11 16:03:41.471,0.92094,0.9212,1.50,1.13
2011.11.11 16:03:41.589,0.92092,0.9212,2.25,1.88
2011.11.11 16:03:41.708,0.92092,0.9212,1.50,1.88
2011.11.11 16:03:42.680,0.92088,0.92116,1.87,1.50
2011.11.11 16:03:43.020,0.9209,0.92116,1.50,1.50
2011.11.11 16:03:46.891,0.9209,0.92116,1.13,2.10
2011.11.11 16:03:47.714,0.92089,0.92112,1.50,2.18
2011.11.11 16:03:50.601,0.92089,0.92114,1.50,1.13
2011.11.11 16:03:55.739,0.92089,0.92117,1.50,1.50
2011.11.11 16:03:55.857,0.92092,0.92118,1.50,1.88
2011.11.11 16:03:57.288,0.92097,0.9212,1.50,1.13
2011.11.11 16:03:57.409,0.92097,0.92122,2.25,1.13
2011.11.11 16:03:58.196,0.92098,0.92122,1.50,1.13
2011.11.11 16:03:58.308,0.92097,0.92122,1.50,1.13
2011.11.11 16:03:58.431,0.92098,0.92122,1.50,1.13
2011.11.11 16:03:58.552,0.92097,0.92122,1.50,1.13
2011.11.11 16:04:01.018,0.92094,0.92123,1.50,3.68
2011.11.11 16:04:01.127,0.92092,0.9212,2.25,1.50
2011.11.11 16:04:01.953,0.92088,0.92116,1.50,1.50
2011.11.11 16:04:03.954,0.92086,0.92111,1.50,1.50
2011.11.11 16:04:04.797,0.92086,0.92115,2.25,1.50
2011.11.11 16:04:05.244,0.92087,0.92115,2.25,1.50
2011.11.11 16:04:05.358,0.92087,0.92115,1.50,1.50
2011.11.11 16:04:05.471,0.92082,0.9211,1.13,1.50
2011.11.11 16:04:05.590,0.92082,0.92108,1.13,1.50
2011.11.11 16:04:07.234,0.92082,0.92108,1.88,1.50
2011.11.11 16:04:07.351,0.92086,0.92111,1.50,1.50
2011.11.11 16:04:07.579,0.92088,0.92114,1.50,1.50
2011.11.11 16:04:07.918,0.92085,0.92111,1.50,1.50
2011.11.11 16:04:11.728,0.92088,0.92114,1.50,2.25
2011.11.11 16:04:17.272,0.9209,0.92113,1.50,2.93
2011.11.11 16:04:17.853,0.92094,0.92122,1.50,1.50
2011.11.11 16:04:17.969,0.92093,0.92122,1.50,1.50
2011.11.11 16:04:18.199,0.92094,0.92122,1.50,1.50
2011.11.11 16:04:18.901,0.92092,0.9212,1.88,1.50
2011.11.11 16:04:19.019,0.9209,0.92116,1.50,1.50
2011.11.11 16:04:21.208,0.92087,0.92113,1.87,1.50
2011.11.11 16:04:24.022,0.92087,0.92115,1.50,1.50
2011.11.11 16:04:24.529,0.92092,0.92117,1.50,1.50
2011.11.11 16:04:27.836,0.92091,0.92118,1.50,1.13
2011.11.11 16:04:28.210,0.92095,0.92119,1.50,1.50
2011.11.11 16:04:28.450,0.92095,0.92119,1.50,1.13
2011.11.11 16:04:28.788,0.92087,0.92113,2.85,2.18
2011.11.11 16:04:28.909,0.92087,0.92113,1.50,2.93
2011.11.11 16:04:29.579,0.92084,0.92113,1.50,1.50
2011.11.11 16:04:29.698,0.92084,0.92112,1.50,1.50
2011.11.11 16:04:29.810,0.92088,0.92114,1.50,1.50
2011.11.11 16:04:30.345,0.92085,0.92111,1.50,1.50
2011.11.11 16:04:31.144,0.92086,0.92111,1.50,1.50
2011.11.11 16:04:31.261,0.92098,0.92121,1.50,1.13
2011.11.11 16:04:31.380,0.92093,0.92119,1.13,1.50
2011.11.11 16:04:31.500,0.92093,0.92121,1.50,1.13
2011.11.11 16:04:31.733,0.92092,0.92118,1.50,1.50
2011.11.11 16:04:31.851,0.92092,0.9212,1.50,1.50
2011.11.11 16:04:32.189,0.9209,0.92118,1.50,1.50
2011.11.11 16:04:33.597,0.92088,0.92114,1.13,1.50
2011.11.11 16:04:33.710,0.92088,0.92114,1.13,1.50
2011.11.11 16:04:34.121,0.9209,0.92116,1.50,1.50
2011.11.11 16:04:34.459,0.92086,0.92114,1.50,1.50
2011.11.11 16:04:40.481,0.9209,0.92118,1.50,1.50
2011.11.11 16:04:44.518,0.92086,0.92112,1.50,1.50
2011.11.11 16:04:50.621,0.9209,0.92118,1.50,1.50
2011.11.11 16:04:53.918,0.92086,0.92114,1.88,1.50
2011.11.11 16:04:56.320,0.92095,0.92121,1.50,1.50
2011.11.11 16:05:01.260,0.92097,0.92125,1.50,1.13
2011.11.11 16:05:01.382,0.92098,0.92126,1.50,1.50
2011.11.11 16:05:01.506,0.92102,0.92129,1.50,1.50
2011.11.11 16:05:01.842,0.92099,0.92123,1.50,2.93
2011.11.11 16:05:02.157,0.92095,0.92121,1.50,1.50
2011.11.11 16:05:02.959,0.92093,0.92121,1.50,1.50
2011.11.11 16:05:03.079,0.92092,0.92118,1.50,1.50
2011.11.11 16:05:04.841,0.92092,0.92119,1.50,1.50
2011.11.11 16:05:04.955,0.92095,0.92121,1.50,1.50
2011.11.11 16:05:05.751,0.92095,0.92124,1.50,1.50
2011.11.11 16:05:05.871,0.92097,0.92126,1.50,1.50
2011.11.11 16:05:06.212,0.92094,0.92121,1.50,1.50
2011.11.11 16:05:07.953,0.9209,0.92118,1.50,1.88
2011.11.11 16:05:09.379,0.92095,0.92121,1.50,1.50
2011.11.11 16:05:10.213,0.92092,0.92118,1.50,1.50
2011.11.11 16:05:11.768,0.92092,0.92119,1.50,1.50
2011.11.11 16:05:12.102,0.92099,0.92125,1.50,1.50
2011.11.11 16:05:13.269,0.92094,0.9212,1.50,1.50
2011.11.11 16:05:13.612,0.92088,0.92113,1.50,1.50
2011.11.11 16:05:14.191,0.92091,0.92117,1.13,1.50
2011.11.11 16:05:15.079,0.92089,0.92117,1.50,1.50
2011.11.11 16:05:15.754,0.92093,0.92121,1.50,1.50
2011.11.11 16:05:16.432,0.92093,0.92119,1.50,1.50
2011.11.11 16:05:17.739,0.92093,0.92119,1.50,1.50
2011.11.11 16:05:18.169,0.92092,0.92119,1.50,1.50
2011.11.11 16:05:18.992,0.9209,0.92116,1.50,1.50
2011.11.11 16:05:23.274,0.9209,0.92119,1.50,1.50
2011.11.11 16:05:23.393,0.92093,0.92121,1.50,1.50
2011.11.11 16:05:23.984,0.9209,0.92116,1.50,1.50
2011.11.11 16:05:28.475,0.92086,0.92114,1.50,1.50
2011.11.11 16:05:36.549,0.92089,0.92117,1.50,1.50
2011.11.11 16:05:36.871,0.92087,0.92113,1.50,1.50
2011.11.11 16:05:42.103,0.92089,0.92114,1.50,1.50
2011.11.11 16:05:42.439,0.92087,0.92112,1.50,2.93
2011.11.11 16:05:42.907,0.92083,0.92109,1.50,1.50
2011.11.11 16:05:43.023,0.92086,0.92112,1.50,2.93
2011.11.11 16:05:45.269,0.92089,0.92113,1.50,2.18
2011.11.11 16:05:45.789,0.92089,0.92117,1.50,1.50
2011.11.11 16:05:47.060,0.92089,0.92119,1.50,2.25
2011.11.11 16:05:47.183,0.92093,0.92119,1.50,1.50
2011.11.11 16:05:51.731,0.92093,0.92119,1.50,1.50
2011.11.11 16:05:52.756,0.92098,0.92122,1.50,2.93
2011.11.11 16:05:52.875,0.92094,0.92119,1.13,1.50
2011.11.11 16:05:53.322,0.92089,0.92117,1.88,1.50
2011.11.11 16:05:53.663,0.92087,0.92115,1.50,1.50
2011.11.11 16:05:54.206,0.92083,0.92109,1.50,1.50
2011.11.11 16:05:58.229,0.92085,0.92113,1.50,2.25
2011.11.11 16:05:58.349,0.92087,0.92113,1.50,1.50
2011.11.11 16:06:01.744,0.92081,0.92109,1.50,1.50
2011.11.11 16:06:02.634,0.92085,0.92113,1.50,1.50
2011.11.11 16:06:03.562,0.92082,0.92108,1.50,1.50
2011.11.11 16:06:04.439,0.92078,0.92104,1.50,1.50
2011.11.11 16:06:05.012,0.92081,0.92109,1.50,1.88
2011.11.11 16:06:05.581,0.9208,0.92109,1.50,1.88
2011.11.11 16:06:05.809,0.92081,0.92108,1.50,1.50
2011.11.11 16:06:06.349,0.92077,0.92105,1.50,1.50
2011.11.11 16:06:07.300,0.92077,0.92105,1.50,1.50
2011.11.11 16:06:07.768,0.92078,0.92104,1.50,1.50
2011.11.11 16:06:09.588,0.92081,0.92109,1.50,2.63
2011.11.11 16:06:09.919,0.92078,0.92104,1.50,1.50
2011.11.11 16:06:11.090,0.92074,0.92102,1.50,3.68
2011.11.11 16:06:11.209,0.92077,0.92102,1.50,2.18
2011.11.11 16:06:12.967,0.92077,0.92105,1.50,1.50
2011.11.11 16:06:16.554,0.92073,0.92101,1.50,1.50
2011.11.11 16:06:19.298,0.92073,0.92102,1.50,1.50
2011.11.11 16:06:19.528,0.92074,0.92102,1.50,1.50
2011.11.11 16:06:21.889,0.9207,0.92099,1.50,1.88
2011.11.11 16:06:22.011,0.92066,0.92096,1.50,1.50
2011.11.11 16:06:22.129,0.92065,0.92093,1.50,1.50
2011.11.11 16:06:22.251,0.92061,0.92089,1.50,1.50
2011.11.11 16:06:22.593,0.92059,0.92083,1.13,1.50
2011.11.11 16:06:23.790,0.92057,0.92083,1.50,1.50
2011.11.11 16:06:30.390,0.92053,0.92079,1.50,1.50
2011.11.11 16:06:32.258,0.92054,0.92079,1.13,1.50
2011.11.11 16:06:32.590,0.92056,0.92083,1.13,1.50
2011.11.11 16:06:37.490,0.92052,0.9208,1.50,1.50
2011.11.11 16:06:38.590,0.92049,0.92075,1.50,1.50
2011.11.11 16:06:38.819,0.92052,0.92078,1.50,1.13
2011.11.11 16:06:39.410,0.92052,0.9208,1.50,1.50
2011.11.11 16:06:39.749,0.92056,0.92082,1.50,1.50
2011.11.11 16:06:40.081,0.92052,0.9208,1.50,1.50
2011.11.11 16:06:40.607,0.92052,0.92077,1.50,1.13
2011.11.11 16:06:40.940,0.92052,0.92081,1.50,1.50
2011.11.11 16:06:41.174,0.92052,0.92081,1.50,1.50
2011.11.11 16:06:41.289,0.92052,0.92078,1.50,1.50
2011.11.11 16:06:41.972,0.92052,0.92076,1.50,1.13
2011.11.11 16:06:42.092,0.92052,0.92078,1.50,1.50
2011.11.11 16:06:42.653,0.92055,0.92081,1.50,1.13
2011.11.11 16:06:42.773,0.92064,0.9209,1.50,1.50
2011.11.11 16:06:43.295,0.92064,0.92093,1.50,1.50
2011.11.11 16:06:43.412,0.92067,0.92095,1.50,1.50
2011.11.11 16:06:44.339,0.92077,0.92103,1.50,2.25
2011.11.11 16:06:44.894,0.9209,0.92105,1.50,1.13
2011.11.11 16:06:45.230,0.92091,0.9212,1.50,1.50
2011.11.11 16:06:45.355,0.92094,0.9212,1.50,1.50
2011.11.11 16:06:45.476,0.92094,0.92122,1.50,4.43
2011.11.11 16:06:45.597,0.92098,0.92123,1.50,1.50
2011.11.11 16:06:47.234,0.92104,0.92131,1.50,1.50
2011.11.11 16:06:47.351,0.92105,0.92131,1.50,1.50
2011.11.11 16:06:47.472,0.92105,0.92133,1.50,1.13
2011.11.11 16:06:48.034,0.92109,0.92135,1.50,1.50
2011.11.11 16:06:48.156,0.92119,0.92144,1.50,1.13
2011.11.11 16:06:48.792,0.92119,0.92149,1.50,1.50
2011.11.11 16:06:48.910,0.92123,0.92151,1.50,1.50
2011.11.11 16:06:49.814,0.92123,0.92149,1.50,1.13
2011.11.11 16:06:49.934,0.92119,0.92147,1.50,1.50
2011.11.11 16:06:50.052,0.92129,0.92142,1.50,2.18
2011.11.11 16:06:50.173,0.92129,0.92156,1.50,1.13
2011.11.11 16:06:50.292,0.92125,0.92151,1.50,1.50
2011.11.11 16:06:52.632,0.92128,0.92156,1.50,1.50
2011.11.11 16:06:52.969,0.92124,0.9215,1.50,1.50
2011.11.11 16:06:53.091,0.9212,0.92149,1.50,1.50
2011.11.11 16:06:53.210,0.92121,0.92149,1.50,1.50
2011.11.11 16:06:55.170,0.92126,0.92154,1.50,1.50
2011.11.11 16:06:56.780,0.92124,0.92151,1.50,1.50
2011.11.11 16:06:56.899,0.92124,0.9215,1.50,1.50
2011.11.11 16:06:59.638,0.92126,0.92154,1.50,1.50
2011.11.11 16:07:02.005,0.92124,0.92151,1.50,1.50
2011.11.11 16:07:02.123,0.92124,0.9215,1.50,1.50
2011.11.11 16:07:05.369,0.92125,0.92155,1.50,1.50
2011.11.11 16:07:05.987,0.92127,0.92155,1.50,1.50
2011.11.11 16:07:07.292,0.92127,0.92157,1.50,1.50
2011.11.11 16:07:07.520,0.92131,0.92158,1.50,1.50
2011.11.11 16:07:08.312,0.92127,0.92157,1.50,1.50
2011.11.11 16:07:08.704,0.92127,0.92155,1.50,1.50
2011.11.11 16:07:09.633,0.92123,0.92152,1.50,1.50
2011.11.11 16:07:09.749,0.92123,0.92151,1.50,1.50
2011.11.11 16:07:10.431,0.92127,0.92153,1.50,1.50
2011.11.11 16:07:10.771,0.92129,0.92159,1.50,1.50
2011.11.11 16:07:11.283,0.92129,0.92157,1.50,1.50
2011.11.11 16:07:12.089,0.92132,0.92161,1.50,1.88
2011.11.11 16:07:12.660,0.92141,0.92167,1.50,1.50
2011.11.11 16:07:13.506,0.92141,0.92167,1.50,1.13
2011.11.11 16:07:13.995,0.92139,0.92164,1.50,1.50
2011.11.11 16:07:14.110,0.92137,0.92164,1.50,1.50
2011.11.11 16:07:14.232,0.92137,0.92163,1.50,1.13
2011.11.11 16:07:14.998,0.92137,0.9216,1.50,1.13
2011.11.11 16:07:15.122,0.92135,0.9216,1.50,1.13
2011.11.11 16:07:19.319,0.92139,0.92165,1.50,1.50
2011.11.11 16:07:20.461,0.92142,0.9217,1.50,1.50
2011.11.11 16:07:21.114,0.92139,0.92167,1.50,1.50
2011.11.11 16:07:21.236,0.92139,0.92165,1.50,1.50
2011.11.11 16:07:21.511,0.9214,0.92169,1.50,1.50
2011.11.11 16:07:21.634,0.92143,0.92169,1.50,1.50
2011.11.11 16:07:21.859,0.92139,0.92168,1.50,1.50
2011.11.11 16:07:21.979,0.92139,0.92165,1.50,1.50
2011.11.11 16:07:25.416,0.92143,0.92168,1.50,1.50
2011.11.11 16:07:26.470,0.92144,0.92168,1.13,1.13
2011.11.11 16:07:27.190,0.92145,0.92168,1.13,1.13
2011.11.11 16:07:27.309,0.92146,0.92172,1.50,1.88
2011.11.11 16:07:27.429,0.92148,0.92173,1.13,1.13
2011.11.11 16:07:29.450,0.92148,0.92174,1.50,1.88
2011.11.11 16:07:30.858,0.92151,0.92176,1.13,1.13
2011.11.11 16:07:31.710,0.9215,0.92174,1.13,1.88
2011.11.11 16:07:31.938,0.92153,0.92179,1.12,1.50
2011.11.11 16:07:32.059,0.92156,0.92181,1.50,1.13
2011.11.11 16:07:32.290,0.92153,0.92179,1.87,1.50
2011.11.11 16:07:43.846,0.92156,0.92181,1.50,1.13
2011.11.11 16:07:43.959,0.92157,0.92183,1.13,1.50
2011.11.11 16:07:44.080,0.92159,0.92187,1.50,1.50
2011.11.11 16:07:44.754,0.92162,0.92191,2.25,1.50
2011.11.11 16:07:44.873,0.92163,0.92191,1.50,1.50
2011.11.11 16:07:45.875,0.92159,0.92187,1.50,1.88
2011.11.11 16:07:46.401,0.92161,0.92187,1.50,1.88
2011.11.11 16:07:46.523,0.92161,0.92187,1.50,1.13
2011.11.11 16:07:46.750,0.92164,0.9219,1.50,1.13
2011.11.11 16:07:46.871,0.92161,0.92187,1.50,1.50
2011.11.11 16:07:49.792,0.92162,0.92192,1.50,3.68
2011.11.11 16:07:50.135,0.92167,0.92193,1.13,1.50
2011.11.11 16:07:50.650,0.92163,0.92191,1.50,1.50
2011.11.11 16:07:52.380,0.92168,0.92191,2.18,1.50
2011.11.11 16:07:52.501,0.92171,0.92199,1.50,1.50
2011.11.11 16:07:52.673,0.92171,0.92201,1.50,1.50
2011.11.11 16:07:52.790,0.92176,0.92204,1.50,1.50
2011.11.11 16:07:52.912,0.92173,0.92199,1.50,1.50
2011.11.11 16:07:58.320,0.92171,0.92196,1.12,1.50
2011.11.11 16:07:58.549,0.92174,0.92201,1.12,1.50
2011.11.11 16:08:01.001,0.92171,0.92196,1.87,1.50
2011.11.11 16:08:01.728,0.92171,0.92196,1.50,1.50
2011.11.11 16:08:02.059,0.92171,0.92198,1.50,1.50
2011.11.11 16:08:02.362,0.92172,0.922,1.50,1.50
2011.11.11 16:08:02.928,0.92177,0.92203,1.50,2.10
2011.11.11 16:08:05.251,0.92178,0.92208,1.50,1.50
2011.11.11 16:08:05.371,0.92185,0.92211,1.50,1.50
2011.11.11 16:08:05.934,0.9218,0.92208,1.50,1.50
2011.11.11 16:08:06.613,0.92183,0.92208,1.50,1.50
2011.11.11 16:08:06.732,0.92186,0.92212,1.13,1.50
2011.11.11 16:08:07.139,0.92182,0.92207,2.47,1.50
2011.11.11 16:08:07.672,0.92185,0.92211,1.50,1.50
2011.11.11 16:08:07.900,0.92181,0.92207,2.25,1.50
2011.11.11 16:08:09.591,0.92176,0.92204,1.50,1.50
2011.11.11 16:08:10.112,0.9217,0.92194,1.50,1.13
2011.11.11 16:08:10.782,0.92176,0.92194,2.10,1.13
2011.11.11 16:08:10.902,0.9217,0.92196,2.10,1.50
2011.11.11 16:08:11.349,0.92173,0.92203,1.50,1.50
2011.11.11 16:08:11.470,0.92172,0.92198,1.50,1.50
2011.11.11 16:08:12.034,0.92175,0.92203,1.50,1.50
2011.11.11 16:08:12.666,0.92172,0.92198,1.50,1.50
2011.11.11 16:08:13.275,0.92163,0.92186,1.12,1.13
2011.11.11 16:08:13.831,0.92161,0.92185,1.50,1.13
2011.11.11 16:08:16.120,0.92157,0.92185,1.50,1.50
2011.11.11 16:08:16.740,0.92161,0.92187,1.50,1.88
2011.11.11 16:08:16.860,0.92152,0.9218,1.50,1.50
2011.11.11 16:08:16.978,0.92157,0.92183,1.50,1.50
2011.11.11 16:08:17.439,0.92158,0.92183,1.35,1.50
2011.11.11 16:08:17.670,0.92171,0.92197,1.50,1.50
2011.11.11 16:08:19.823,0.92171,0.92196,1.50,1.13
2011.11.11 16:08:20.051,0.92171,0.92197,1.50,1.50
2011.11.11 16:08:20.170,0.92167,0.92193,1.50,1.50
2011.11.11 16:08:21.081,0.92162,0.9219,1.50,1.50
2011.11.11 16:08:22.169,0.92162,0.92188,1.50,1.13
2011.11.11 16:08:22.934,0.92159,0.92183,1.50,1.13
2011.11.11 16:08:23.273,0.9216,0.92181,1.50,1.73
2011.11.11 16:08:23.613,0.92149,0.92175,1.50,1.13
2011.11.11 16:08:23.733,0.92149,0.92175,1.50,1.50
2011.11.11 16:08:23.962,0.92146,0.92171,1.50,1.13
2011.11.11 16:08:24.881,0.92149,0.92175,1.50,1.50
2011.11.11 16:08:25.475,0.92153,0.92179,1.50,1.50
2011.11.11 16:08:25.591,0.92158,0.92184,1.50,2.25
2011.11.11 16:08:26.050,0.92154,0.92184,1.50,2.25
2011.11.11 16:08:26.171,0.92153,0.92179,1.50,1.50
2011.11.11 16:08:27.564,0.92156,0.9218,1.50,1.50
2011.11.11 16:08:27.679,0.92152,0.9218,1.50,1.50
2011.11.11 16:08:30.831,0.92157,0.92183,1.50,2.25
2011.11.11 16:08:31.347,0.92154,0.92178,1.50,1.50
2011.11.11 16:08:31.460,0.92152,0.92178,1.50,1.50
2011.11.11 16:08:32.781,0.92157,0.92183,1.50,2.25
2011.11.11 16:08:33.225,0.92157,0.92181,1.50,1.50
2011.11.11 16:08:33.452,0.92152,0.9218,1.50,1.50
2011.11.11 16:08:34.380,0.92155,0.9218,1.50,1.50
2011.11.11 16:08:34.939,0.92155,0.9218,1.50,1.50
2011.11.11 16:08:35.062,0.92153,0.92179,1.50,2.25
2011.11.11 16:08:35.178,0.92149,0.92175,1.50,1.50
2011.11.11 16:08:36.914,0.92149,0.92178,1.50,1.50
2011.11.11 16:08:37.032,0.92155,0.92183,1.50,2.25
2011.11.11 16:08:37.260,0.92155,0.92181,1.50,1.50
2011.11.11 16:08:37.492,0.92151,0.92178,1.50,1.50
2011.11.11 16:08:37.611,0.92146,0.92174,1.50,1.50
2011.11.11 16:08:38.509,0.92142,0.9217,2.25,1.50
2011.11.11 16:08:40.051,0.92138,0.92167,1.50,1.50
2011.11.11 16:08:40.170,0.92138,0.92166,1.50,1.50
2011.11.11 16:08:40.712,0.92138,0.92168,1.50,1.50
2011.11.11 16:08:40.829,0.92142,0.9217,1.50,1.50
2011.11.11 16:08:44.668,0.92144,0.9217,1.50,1.50
2011.11.11 16:08:45.049,0.92144,0.9217,1.50,1.50
2011.11.11 16:08:45.272,0.92148,0.92173,1.50,1.50
2011.11.11 16:08:45.907,0.92147,0.92173,1.50,1.50
2011.11.11 16:08:46.266,0.92148,0.92173,1.50,1.50
2011.11.11 16:08:46.381,0.92147,0.92173,1.50,1.50
2011.11.11 16:08:46.502,0.9215,0.92178,1.50,1.88
2011.11.11 16:08:46.880,0.92147,0.92175,1.50,1.50
2011.11.11 16:08:53.319,0.92144,0.9217,1.50,1.50
2011.11.11 16:08:53.855,0.92142,0.92166,2.62,1.13
2011.11.11 16:08:53.977,0.9214,0.92166,1.50,1.13
2011.11.11 16:08:54.774,0.92133,0.92158,1.50,1.50
2011.11.11 16:08:55.232,0.92136,0.9216,1.50,1.50
2011.11.11 16:08:56.141,0.92134,0.9216,1.50,1.50
2011.11.11 16:08:57.001,0.92134,0.92162,1.50,1.50
2011.11.11 16:08:57.114,0.92134,0.9216,1.50,1.50
2011.11.11 16:09:00.166,0.9213,0.92158,1.50,1.50
2011.11.11 16:09:00.285,0.92132,0.9216,2.25,1.88
2011.11.11 16:09:00.401,0.92134,0.9216,1.50,1.88
2011.11.11 16:09:02.163,0.92134,0.92159,1.50,1.13
2011.11.11 16:09:02.284,0.92125,0.92153,1.87,1.50
2011.11.11 16:09:04.165,0.92129,0.92155,1.50,1.50
2011.11.11 16:09:05.411,0.92137,0.92162,1.50,1.73
2011.11.11 16:09:05.529,0.92137,0.92163,1.50,1.50
2011.11.11 16:09:06.239,0.92131,0.92159,1.50,1.50
2011.11.11 16:09:07.024,0.92135,0.92163,1.50,1.50
2011.11.11 16:09:07.481,0.92131,0.92159,1.50,1.50
2011.11.11 16:09:08.023,0.92119,0.92145,1.50,1.50
2011.11.11 16:09:10.104,0.92119,0.92148,1.50,1.50
2011.11.11 16:09:10.219,0.92123,0.92149,1.50,1.50
2011.11.11 16:09:10.345,0.92119,0.92145,1.50,1.50
2011.11.11 16:09:11.045,0.92122,0.9215,1.50,1.88
2011.11.11 16:09:11.598,0.92126,0.92152,1.50,1.50
2011.11.11 16:09:11.714,0.92122,0.92148,1.88,1.50
2011.11.11 16:09:11.829,0.9212,0.92146,1.13,1.50
2011.11.11 16:09:12.339,0.92118,0.92146,1.87,1.50
2011.11.11 16:09:15.499,0.92122,0.92148,1.50,1.50
2011.11.11 16:09:18.242,0.92127,0.9215,1.50,1.88
2011.11.11 16:09:18.384,0.9213,0.92156,1.50,1.50
2011.11.11 16:09:22.948,0.9213,0.92154,1.50,1.13
2011.11.11 16:09:24.261,0.92128,0.92152,1.50,1.13
2011.11.11 16:09:24.383,0.92125,0.92152,1.50,1.13
2011.11.11 16:09:24.744,0.92125,0.92153,1.50,1.13
2011.11.11 16:09:26.237,0.92122,0.92151,1.13,1.50
2011.11.11 16:09:26.568,0.9212,0.92146,1.13,1.50
2011.11.11 16:09:28.789,0.92118,0.92146,1.50,1.50
2011.11.11 16:09:30.979,0.9212,0.92146,1.13,1.50
2011.11.11 16:09:33.139,0.92118,0.92146,3.68,1.50
2011.11.11 16:09:33.592,0.92115,0.92141,1.50,1.50
2011.11.11 16:09:34.342,0.92108,0.92136,3.68,1.88
2011.11.11 16:09:34.803,0.92111,0.92139,1.50,1.50
2011.11.11 16:09:35.379,0.92108,0.92136,1.50,1.50
2011.11.11 16:09:36.714,0.9211,0.92135,1.50,1.13
2011.11.11 16:09:37.049,0.92115,0.92142,1.50,1.13
2011.11.11 16:09:37.281,0.92117,0.92144,1.50,1.50
2011.11.11 16:09:37.619,0.92126,0.92151,1.50,1.13
2011.11.11 16:09:39.326,0.92126,0.92151,1.50,1.50
2011.11.11 16:09:39.440,0.92123,0.92146,1.50,1.13
2011.11.11 16:09:39.558,0.92126,0.92152,1.50,2.93
2011.11.11 16:09:39.680,0.9213,0.92155,1.50,1.73
2011.11.11 16:09:40.127,0.92123,0.92152,1.50,1.50
2011.11.11 16:09:40.240,0.92127,0.92153,1.50,1.88
2011.11.11 16:09:40.361,0.92131,0.92155,1.50,1.13
2011.11.11 16:09:41.010,0.92126,0.92153,2.25,1.13
2011.11.11 16:09:41.911,0.92123,0.92151,1.50,1.50
2011.11.11 16:09:45.597,0.92126,0.92153,1.50,1.13
2011.11.11 16:09:54.418,0.9213,0.92156,1.50,1.13
2011.11.11 16:09:54.859,0.9213,0.92156,1.50,1.13
2011.11.11 16:09:58.141,0.9213,0.92156,1.50,1.13
2011.11.11 16:09:58.259,0.92125,0.92152,1.50,1.13
2011.11.11 16:10:00.630,0.92125,0.9215,1.50,1.13
2011.11.11 16:10:02.701,0.92125,0.92151,1.50,1.13
2011.11.11 16:10:03.860,0.92121,0.92149,1.50,1.50
2011.11.11 16:10:13.064,0.92119,0.92145,1.50,1.50
2011.11.11 16:10:13.818,0.92121,0.92149,1.50,1.50
2011.11.11 16:10:15.093,0.92119,0.92146,1.50,1.50
2011.11.11 16:10:15.212,0.92119,0.92145,1.50,1.50
2011.11.11 16:10:15.784,0.92121,0.92149,1.50,2.25
2011.11.11 16:10:24.840,0.92121,0.92151,1.50,1.50
2011.11.11 16:10:25.210,0.9213,0.92156,1.50,1.50
2011.11.11 16:10:29.829,0.92134,0.92162,1.50,1.50
2011.11.11 16:10:31.279,0.92131,0.92162,1.50,1.50
2011.11.11 16:10:31.400,0.92129,0.92157,1.50,1.50
2011.11.11 16:10:32.844,0.92134,0.92161,1.50,1.50
2011.11.11 16:10:33.207,0.92137,0.92163,1.50,1.50
2011.11.11 16:10:34.662,0.92132,0.92162,1.50,1.50
2011.11.11 16:10:34.778,0.92132,0.9216,1.50,1.50
2011.11.11 16:10:35.392,0.92128,0.92156,1.50,1.50
2011.11.11 16:10:35.943,0.92126,0.92152,1.50,1.50
2011.11.11 16:10:36.060,0.92121,0.92149,1.50,1.50
2011.11.11 16:10:38.549,0.92119,0.92145,1.50,1.50
2011.11.11 16:10:41.201,0.92119,0.92147,1.50,1.50
2011.11.11 16:10:41.318,0.92122,0.92148,1.50,1.50
2011.11.11 16:10:43.089,0.92122,0.92149,2.25,1.13
2011.11.11 16:10:43.729,0.92126,0.92151,1.50,1.13
2011.11.11 16:10:43.851,0.92126,0.92152,1.50,1.50
2011.11.11 16:10:45.670,0.92126,0.92153,1.50,1.88
2011.11.11 16:10:46.049,0.92129,0.92158,1.50,1.88
2011.11.11 16:10:46.167,0.92132,0.92158,1.50,1.13
2011.11.11 16:10:48.223,0.92132,0.92158,1.50,1.88
2011.11.11 16:10:48.561,0.92136,0.92158,2.85,1.50
2011.11.11 16:10:48.680,0.92136,0.92158,2.85,1.13
2011.11.11 16:10:48.800,0.92136,0.9216,2.48,1.50
2011.11.11 16:10:49.037,0.92146,0.92172,1.50,1.50
2011.11.11 16:10:49.312,0.9214,0.9217,2.10,1.50
2011.11.11 16:10:49.430,0.9214,0.92168,2.10,1.50
2011.11.11 16:10:50.523,0.92131,0.92156,1.50,1.13
2011.11.11 16:10:51.552,0.92135,0.92161,1.50,1.13
2011.11.11 16:10:52.523,0.92131,0.92161,1.50,1.88
2011.11.11 16:10:52.639,0.92131,0.92159,1.50,1.50
2011.11.11 16:10:53.144,0.92131,0.92157,1.50,1.50
2011.11.11 16:10:53.258,0.92119,0.92144,1.12,1.50
2011.11.11 16:10:53.379,0.92118,0.92144,1.88,1.50
2011.11.11 16:10:54.008,0.92122,0.92148,1.50,1.50
2011.11.11 16:10:54.448,0.9212,0.92148,1.50,1.88
2011.11.11 16:10:54.558,0.92119,0.92145,1.50,1.50
2011.11.11 16:10:55.001,0.92123,0.92149,1.50,1.13
2011.11.11 16:10:55.558,0.92123,0.92151,1.50,1.50
2011.11.11 16:10:56.412,0.92123,0.92149,1.50,1.13
2011.11.11 16:10:57.369,0.92125,0.92149,1.50,1.13
2011.11.11 16:10:57.484,0.92126,0.92154,1.50,1.50
2011.11.11 16:10:58.521,0.92126,0.92152,1.50,1.13
2011.11.11 16:10:58.860,0.92123,0.92149,1.50,1.88
2011.11.11 16:10:59.018,0.92123,0.92149,1.50,1.13
2011.11.11 16:11:00.783,0.92126,0.92153,1.50,1.13
2011.11.11 16:11:02.091,0.92126,0.92152,1.50,1.13
2011.11.11 16:11:02.318,0.92126,0.92148,1.50,1.13
2011.11.11 16:11:03.478,0.92122,0.9215,1.50,1.50
2011.11.11 16:11:03.597,0.9212,0.92146,1.50,1.50
2011.11.11 16:11:04.366,0.92116,0.92143,1.50,1.13
2011.11.11 16:11:04.480,0.92121,0.92149,1.50,1.50
2011.11.11 16:11:05.818,0.92121,0.92149,1.50,1.13
2011.11.11 16:11:06.274,0.92126,0.92151,1.50,1.13
2011.11.11 16:11:07.902,0.92126,0.92152,1.50,1.88
2011.11.11 16:11:08.581,0.92121,0.92151,1.50,1.50
2011.11.11 16:11:08.963,0.92121,0.92148,1.50,1.50
2011.11.11 16:11:09.380,0.92121,0.92148,1.50,1.50
2011.11.11 16:11:10.521,0.92118,0.92146,1.50,1.88
2011.11.11 16:11:12.278,0.92121,0.92151,1.50,1.88
2011.11.11 16:11:12.388,0.92125,0.92151,1.50,1.13
2011.11.11 16:11:13.269,0.92124,0.92147,1.50,1.13
2011.11.11 16:11:13.830,0.92122,0.92147,1.50,1.13
2011.11.11 16:11:16.840,0.92122,0.9215,1.50,1.50
2011.11.11 16:11:17.291,0.92121,0.92149,2.25,1.88
2011.11.11 16:11:17.409,0.92125,0.92151,1.50,1.13
2011.11.11 16:11:17.712,0.92125,0.92153,1.50,1.50
2011.11.11 16:11:18.225,0.92131,0.92156,1.50,1.13
2011.11.11 16:11:18.628,0.92134,0.92159,1.50,1.13
2011.11.11 16:11:18.869,0.92134,0.9216,1.50,2.10
2011.11.11 16:11:19.102,0.92137,0.92163,1.50,1.13
2011.11.11 16:11:19.613,0.92134,0.9216,1.50,1.50
2011.11.11 16:11:22.423,0.92134,0.92158,1.50,1.13
2011.11.11 16:11:22.649,0.92131,0.92157,1.50,1.88
2011.11.11 16:11:23.088,0.92134,0.92158,1.50,1.13
2011.11.11 16:11:23.542,0.92127,0.92157,1.12,1.13
2011.11.11 16:11:23.659,0.92127,0.92154,1.12,1.50
2011.11.11 16:11:23.782,0.92124,0.9215,1.50,1.50
2011.11.11 16:11:25.819,0.92127,0.92153,1.50,1.50
2011.11.11 16:11:26.048,0.92128,0.92155,1.50,1.13
2011.11.11 16:11:26.159,0.9213,0.92156,1.50,1.13
2011.11.11 16:11:26.278,0.92124,0.9215,1.50,1.50
2011.11.11 16:11:28.368,0.92124,0.92148,1.50,1.13
2011.11.11 16:11:28.700,0.92124,0.92149,1.50,1.13
2011.11.11 16:11:30.979,0.92124,0.9215,1.50,1.50
2011.11.11 16:11:36.328,0.92126,0.9215,1.13,1.50
2011.11.11 16:11:36.455,0.9213,0.92156,1.50,1.50
2011.11.11 16:11:39.120,0.92125,0.92153,1.50,1.50
2011.11.11 16:11:43.951,0.92125,0.9215,1.50,1.13
2011.11.11 16:11:45.482,0.92121,0.92149,1.50,1.88
2011.11.11 16:11:46.361,0.92121,0.92147,1.50,1.13
2011.11.11 16:11:46.591,0.92119,0.92145,1.50,1.88
2011.11.11 16:11:47.120,0.92114,0.92142,1.50,1.50
2011.11.11 16:11:52.220,0.92114,0.92139,1.50,1.13
2011.11.11 16:11:52.339,0.9211,0.92136,1.50,1.13
2011.11.11 16:11:56.381,0.92114,0.92139,1.50,1.50
2011.11.11 16:11:56.996,0.92114,0.9214,1.50,1.13
2011.11.11 16:12:01.434,0.92114,0.92143,1.50,1.73
2011.11.11 16:12:01.550,0.92127,0.92153,1.50,1.50
2011.11.11 16:12:03.394,0.92131,0.92156,1.50,1.13
2011.11.11 16:12:04.434,0.92123,0.92151,1.50,1.50
2011.11.11 16:12:08.029,0.9212,0.92146,1.88,1.50
2011.11.11 16:12:09.639,0.92116,0.92142,1.50,1.50
2011.11.11 16:12:10.119,0.92119,0.92147,1.50,1.50
2011.11.11 16:12:11.293,0.92122,0.92151,1.50,1.50
2011.11.11 16:12:11.413,0.92128,0.92153,1.50,1.13
2011.11.11 16:12:11.640,0.92132,0.92156,1.50,1.50
2011.11.11 16:12:12.503,0.92134,0.92157,1.50,1.13
2011.11.11 16:12:12.982,0.92138,0.92161,1.13,1.13
2011.11.11 16:12:13.098,0.92138,0.92163,1.88,1.13
2011.11.11 16:12:14.253,0.92139,0.92163,1.13,1.13
2011.11.11 16:12:14.953,0.92148,0.92172,1.13,1.13
2011.11.11 16:12:15.809,0.92148,0.92174,1.50,1.50
2011.11.11 16:12:16.829,0.92148,0.92172,1.12,1.13
2011.11.11 16:12:17.421,0.92146,0.92172,1.50,1.13
2011.11.11 16:12:19.219,0.92146,0.92172,1.50,1.13
2011.11.11 16:12:20.251,0.92142,0.9217,1.50,1.88
2011.11.11 16:12:23.709,0.92138,0.92163,1.50,2.18
2011.11.11 16:12:24.050,0.92135,0.92158,1.50,1.13
2011.11.11 16:12:24.802,0.92134,0.92156,1.50,1.13
2011.11.11 16:12:24.921,0.92127,0.92154,1.50,1.13
2011.11.11 16:12:26.079,0.92131,0.92157,1.50,1.13
2011.11.11 16:12:26.531,0.92127,0.92155,2.25,1.50
2011.11.11 16:12:26.896,0.92127,0.92156,2.25,1.50
2011.11.11 16:12:27.523,0.92131,0.92158,1.50,1.13
2011.11.11 16:12:28.283,0.92139,0.92165,1.50,1.50
2011.11.11 16:12:30.250,0.92138,0.92164,3.68,1.50
2011.11.11 16:12:32.024,0.92132,0.92162,1.13,1.50
2011.11.11 16:12:32.143,0.92132,0.92158,1.13,1.50
2011.11.11 16:12:34.028,0.92128,0.92154,1.13,1.50
2011.11.11 16:12:35.722,0.92128,0.92157,1.50,1.50
2011.11.11 16:12:35.843,0.92127,0.92153,3.68,1.50
2011.11.11 16:12:36.771,0.92129,0.92158,1.50,1.50
2011.11.11 16:12:36.895,0.92143,0.92169,1.50,1.50
2011.11.11 16:12:37.013,0.92146,0.92172,1.50,1.13
2011.11.11 16:12:38.149,0.92146,0.92172,1.50,1.13
2011.11.11 16:12:41.012,0.92142,0.92172,1.50,1.50
2011.11.11 16:12:41.131,0.92142,0.92168,1.50,1.50
2011.11.11 16:12:43.571,0.92142,0.92166,1.50,1.88
2011.11.11 16:12:43.801,0.92142,0.92166,1.50,1.13
2011.11.11 16:12:43.920,0.92142,0.92168,1.50,1.50
2011.11.11 16:12:46.409,0.92142,0.92166,1.50,1.13
2011.11.11 16:12:46.528,0.92136,0.92162,1.50,1.13
2011.11.11 16:12:47.101,0.92133,0.92161,1.50,1.50
2011.11.11 16:12:47.543,0.92132,0.92158,1.50,1.50
2011.11.11 16:12:49.262,0.92138,0.92158,2.18,1.50
2011.11.11 16:12:49.380,0.92132,0.92158,1.13,1.50
2011.11.11 16:12:49.972,0.92132,0.92161,1.50,1.13
2011.11.11 16:12:50.088,0.92134,0.92161,1.50,1.13
2011.11.11 16:12:51.438,0.92134,0.9216,1.50,1.50
2011.11.11 16:12:51.560,0.9213,0.92157,1.13,1.50
2011.11.11 16:12:53.959,0.92125,0.92153,1.50,1.50
2011.11.11 16:12:54.518,0.92125,0.9215,1.50,1.13
2011.11.11 16:12:55.701,0.92125,0.9215,1.50,1.13
2011.11.11 16:12:56.662,0.92125,0.9215,1.50,1.50
2011.11.11 16:12:56.889,0.92122,0.92146,1.50,1.13
2011.11.11 16:12:57.448,0.92125,0.92153,1.50,1.50
2011.11.11 16:12:58.153,0.92125,0.92151,1.50,1.13
2011.11.11 16:12:59.240,0.92125,0.92153,1.50,1.50
2011.11.11 16:12:59.361,0.92121,0.92149,1.50,1.13
2011.11.11 16:12:59.482,0.92121,0.92147,1.50,1.13
2011.11.11 16:12:59.602,0.92118,0.92144,1.50,1.13
2011.11.11 16:12:59.937,0.92114,0.92142,1.50,1.88
2011.11.11 16:13:01.982,0.92114,0.9214,1.50,1.13
2011.11.11 16:13:02.546,0.92116,0.9214,1.50,1.13
2011.11.11 16:13:02.770,0.92119,0.92144,1.50,1.13
2011.11.11 16:13:03.940,0.9212,0.92146,1.13,1.13
2011.11.11 16:13:04.917,0.92119,0.92143,1.50,2.25
2011.11.11 16:13:05.428,0.92115,0.9214,1.50,1.88
2011.11.11 16:13:06.134,0.92115,0.9214,1.50,1.13
2011.11.11 16:13:06.252,0.92125,0.92142,1.50,2.18
2011.11.11 16:13:06.369,0.92125,0.92151,1.50,1.50
2011.11.11 16:13:08.459,0.92125,0.9215,1.50,1.13
2011.11.11 16:13:08.583,0.92121,0.92149,1.50,1.13
2011.11.11 16:13:08.701,0.92121,0.92147,1.50,1.50
2011.11.11 16:13:11.029,0.92117,0.92141,1.50,1.13
2011.11.11 16:13:11.149,0.92115,0.92141,1.50,1.13
2011.11.11 16:13:11.269,0.92111,0.92136,1.50,1.13
2011.11.11 16:13:12.005,0.92108,0.92136,1.50,1.88
2011.11.11 16:13:12.640,0.92112,0.92137,1.50,1.13
2011.11.11 16:13:13.574,0.9211,0.92136,1.50,1.13
2011.11.11 16:13:13.690,0.92107,0.92135,1.50,1.50
2011.11.11 16:13:13.926,0.92105,0.92139,1.50,2.85
2011.11.11 16:13:14.042,0.92111,0.92139,1.50,1.50
2011.11.11 16:13:14.272,0.92113,0.92146,1.50,1.50
2011.11.11 16:13:14.823,0.9212,0.92147,1.35,2.10
2011.11.11 16:13:14.943,0.92131,0.92155,1.50,1.13
2011.11.11 16:13:15.170,0.92136,0.92163,1.50,1.50
2011.11.11 16:13:15.291,0.9214,0.92168,1.50,1.50
2011.11.11 16:13:15.849,0.92137,0.92163,1.50,1.50
2011.11.11 16:13:16.320,0.92137,0.92161,1.50,1.13
2011.11.11 16:13:16.550,0.92132,0.92159,1.50,1.13
2011.11.11 16:13:17.254,0.92129,0.92158,1.50,1.50
2011.11.11 16:13:17.374,0.92129,0.92155,1.50,1.50
2011.11.11 16:13:17.605,0.92133,0.92161,1.50,1.50
2011.11.11 16:13:18.445,0.92129,0.92159,1.88,1.50
2011.11.11 16:13:18.782,0.92129,0.92154,1.50,1.13
2011.11.11 16:13:20.004,0.92129,0.92157,1.50,1.50
2011.11.11 16:13:20.992,0.92125,0.92153,1.50,1.50
2011.11.11 16:13:21.868,0.92128,0.92154,1.50,1.13
2011.11.11 16:13:22.925,0.92128,0.92153,1.50,1.13
2011.11.11 16:13:23.041,0.92128,0.92151,1.50,1.13
2011.11.11 16:13:23.599,0.92129,0.92154,1.50,1.13
2011.11.11 16:13:24.022,0.92129,0.92155,1.50,1.88
2011.11.11 16:13:25.431,0.92133,0.92158,1.50,1.13
2011.11.11 16:13:25.552,0.92133,0.92161,1.50,1.50
2011.11.11 16:13:26.820,0.92131,0.92157,1.50,1.50
2011.11.11 16:13:27.272,0.92127,0.92155,1.50,1.50
2011.11.11 16:13:27.389,0.92127,0.92153,1.50,1.50
2011.11.11 16:13:27.933,0.92127,0.92152,1.50,1.13
2011.11.11 16:13:28.057,0.9212,0.92146,1.50,1.50
2011.11.11 16:13:28.280,0.92124,0.9215,1.50,1.88
2011.11.11 16:13:30.814,0.92128,0.92152,1.50,1.13
2011.11.11 16:13:31.038,0.92124,0.92149,1.50,1.13
2011.11.11 16:13:31.160,0.9212,0.92145,1.50,1.13
2011.11.11 16:13:32.244,0.92116,0.9214,1.50,1.13
2011.11.11 16:13:35.100,0.92118,0.9214,1.50,1.13
2011.11.11 16:13:35.336,0.92123,0.92149,1.50,1.13
2011.11.11 16:13:36.468,0.92123,0.92149,1.50,1.13
2011.11.11 16:13:36.692,0.9212,0.92146,1.50,1.50
2011.11.11 16:13:44.043,0.92123,0.92149,1.50,1.13
2011.11.11 16:13:44.276,0.92127,0.92153,1.50,1.50
2011.11.11 16:13:44.391,0.92131,0.92159,1.50,1.50
2011.11.11 16:13:44.785,0.92139,0.92165,1.50,1.50
2011.11.11 16:13:45.381,0.92132,0.92162,1.50,1.50
2011.11.11 16:13:45.609,0.92133,0.92159,1.50,1.50
2011.11.11 16:13:45.868,0.92136,0.92163,1.50,1.50
2011.11.11 16:13:46.491,0.92127,0.92157,1.50,1.50
2011.11.11 16:13:46.610,0.92127,0.92155,1.50,1.50
2011.11.11 16:13:52.289,0.92123,0.92151,1.50,1.50
2011.11.11 16:13:52.729,0.92127,0.92151,1.50,1.50
2011.11.11 16:13:52.851,0.92122,0.92146,1.50,1.13
2011.11.11 16:13:53.809,0.92122,0.92148,1.50,1.88
2011.11.11 16:13:54.349,0.92125,0.92151,1.50,1.13
2011.11.11 16:13:55.700,0.92125,0.92152,1.50,1.13
2011.11.11 16:14:05.050,0.92124,0.92152,1.50,2.93
2011.11.11 16:14:05.663,0.92121,0.92149,1.50,1.50
2011.11.11 16:14:11.159,0.92124,0.92152,1.50,2.93
2011.11.11 16:14:11.278,0.92125,0.92152,1.50,2.93
2011.11.11 16:14:13.101,0.92125,0.92151,1.50,1.50
2011.11.11 16:14:13.329,0.92121,0.92147,1.50,1.13
2011.11.11 16:14:14.141,0.92121,0.92148,1.50,1.13
2011.11.11 16:14:14.591,0.92133,0.92152,1.50,2.18
2011.11.11 16:14:14.711,0.92139,0.92167,1.50,1.50
2011.11.11 16:14:15.642,0.92146,0.92172,1.50,1.50
2011.11.11 16:14:16.495,0.92148,0.92176,1.50,1.50
2011.11.11 16:14:17.789,0.92145,0.92173,1.50,1.50
2011.11.11 16:14:20.414,0.92145,0.92174,1.50,1.50
2011.11.11 16:14:20.939,0.92149,0.92175,1.50,1.88
2011.11.11 16:14:21.772,0.92145,0.92171,1.50,1.50
2011.11.11 16:14:22.110,0.92148,0.92176,1.50,1.50
2011.11.11 16:14:22.591,0.92146,0.92172,1.50,1.50
2011.11.11 16:14:22.932,0.92157,0.92183,2.93,1.50
2011.11.11 16:14:23.050,0.92158,0.92184,1.50,1.50
2011.11.11 16:14:23.744,0.92158,0.92188,2.93,1.50
2011.11.11 16:14:23.860,0.92167,0.92195,1.50,1.50
2011.11.11 16:14:25.300,0.92171,0.92199,1.50,2.25
2011.11.11 16:14:25.529,0.92176,0.92203,1.50,3.68
2011.11.11 16:14:25.869,0.9218,0.92208,1.50,1.50
2011.11.11 16:14:27.709,0.92183,0.9221,1.50,1.13
2011.11.11 16:14:27.829,0.92185,0.9221,1.50,1.13
2011.11.11 16:14:27.949,0.92181,0.92205,1.50,1.13
2011.11.11 16:14:28.179,0.92183,0.92211,1.50,1.88
2011.11.11 16:14:28.299,0.9218,0.92206,1.50,1.50
2011.11.11 16:14:29.999,0.92185,0.9221,1.50,1.13
2011.11.11 16:14:30.339,0.92179,0.92205,1.50,1.50
2011.11.11 16:14:31.542,0.92179,0.92208,1.50,1.50
2011.11.11 16:14:31.658,0.92182,0.92209,1.50,1.13
2011.11.11 16:14:32.248,0.92179,0.92207,1.50,1.50
2011.11.11 16:14:32.921,0.92185,0.92213,2.10,3.68
2011.11.11 16:14:33.043,0.92195,0.92223,1.50,1.50
2011.11.11 16:14:33.913,0.922,0.92226,1.50,1.50
2011.11.11 16:14:35.411,0.92197,0.92223,1.50,1.13
2011.11.11 16:14:35.750,0.92193,0.92221,1.50,1.50
2011.11.11 16:14:35.873,0.92193,0.92219,1.50,1.50
2011.11.11 16:14:36.700,0.92188,0.92216,1.50,1.50
2011.11.11 16:14:39.738,0.92194,0.9222,1.50,1.50
2011.11.11 16:14:42.231,0.92196,0.92223,1.50,1.13
2011.11.11 16:14:42.352,0.92202,0.92226,1.13,1.13
2011.11.11 16:14:42.471,0.92207,0.92231,1.50,1.88
2011.11.11 16:14:42.699,0.92207,0.92232,1.50,1.13
2011.11.11 16:14:43.404,0.92204,0.92228,1.13,1.50
2011.11.11 16:14:43.528,0.92196,0.92221,1.13,1.50
2011.11.11 16:14:44.061,0.92198,0.92221,2.93,1.50
2011.11.11 16:14:44.463,0.92205,0.92221,2.25,1.50
2011.11.11 16:14:44.582,0.92203,0.92225,1.12,1.13
2011.11.11 16:14:44.702,0.92202,0.92226,1.50,1.13
2011.11.11 16:14:45.561,0.92204,0.92228,1.50,1.50
2011.11.11 16:14:46.490,0.92206,0.92229,1.13,1.88
2011.11.11 16:14:46.612,0.92205,0.92229,1.50,1.50
2011.11.11 16:14:46.839,0.92202,0.92226,1.50,1.50
2011.11.11 16:14:47.740,0.92202,0.92228,1.50,1.88
2011.11.11 16:14:50.379,0.92204,0.92232,1.50,1.50
2011.11.11 16:14:52.132,0.92202,0.92228,1.50,1.50
2011.11.11 16:14:52.881,0.92204,0.92229,1.50,1.50
2011.11.11 16:14:53.221,0.92204,0.92227,1.50,1.13
2011.11.11 16:14:53.450,0.92204,0.92228,1.50,1.13
2011.11.11 16:14:53.970,0.92199,0.92227,1.50,1.88
2011.11.11 16:15:01.428,0.92197,0.92223,1.50,1.50
2011.11.11 16:15:02.681,0.92197,0.92221,1.50,1.50
2011.11.11 16:15:03.206,0.92194,0.92218,1.50,1.50
2011.11.11 16:15:03.323,0.92192,0.92218,1.50,1.50
2011.11.11 16:15:05.290,0.92196,0.92222,1.50,1.13
2011.11.11 16:15:05.628,0.92196,0.92222,1.50,1.88
2011.11.11 16:15:06.401,0.92196,0.92222,1.50,3.68
2011.11.11 16:15:09.360,0.92196,0.92224,2.85,1.13
2011.11.11 16:15:10.340,0.92196,0.92222,1.50,3.30
2011.11.11 16:15:11.023,0.92196,0.92222,1.50,2.55
2011.11.11 16:15:12.096,0.92199,0.92227,1.50,1.88
2011.11.11 16:15:12.214,0.92199,0.92227,1.50,1.13
2011.11.11 16:15:12.549,0.92198,0.92227,1.50,1.50
2011.11.11 16:15:13.478,0.92197,0.92223,1.50,3.68
2011.11.11 16:15:13.595,0.92193,0.92219,1.50,1.50
2011.11.11 16:15:14.751,0.92196,0.92223,1.50,1.88
2011.11.11 16:15:17.835,0.92192,0.92221,1.50,1.50
2011.11.11 16:15:17.951,0.92192,0.92218,1.88,1.50
2011.11.11 16:15:18.791,0.92192,0.9222,1.88,1.50
2011.11.11 16:15:18.908,0.92194,0.92222,1.50,1.50
2011.11.11 16:15:23.699,0.92188,0.92213,1.13,1.50
2011.11.11 16:15:27.055,0.92187,0.92213,1.50,1.50
2011.11.11 16:15:27.389,0.92181,0.92213,1.12,2.55
2011.11.11 16:15:28.328,0.92179,0.92213,1.13,2.55
2011.11.11 16:15:30.664,0.92168,0.92206,3.30,1.13
2011.11.11 16:15:30.978,0.92168,0.92206,2.55,1.13
2011.11.11 16:15:31.200,0.92167,0.92203,2.55,2.18
2011.11.11 16:15:31.974,0.92167,0.92203,2.55,3.30
2011.11.11 16:15:32.310,0.92161,0.92199,2.63,1.88
2011.11.11 16:15:32.427,0.92161,0.92199,1.88,1.88
2011.11.11 16:15:34.343,0.92158,0.92196,3.30,1.50
2011.11.11 16:15:34.457,0.92158,0.92196,2.55,1.50
2011.11.11 16:15:34.677,0.92158,0.92195,3.30,1.13
2011.11.11 16:15:34.931,0.92158,0.92195,2.55,1.13
2011.11.11 16:15:35.162,0.92161,0.92193,1.50,2.55
2011.11.11 16:15:35.746,0.92167,0.922,3.30,1.13
2011.11.11 16:15:36.164,0.92171,0.92197,1.50,1.50
2011.11.11 16:15:36.784,0.92172,0.922,1.50,1.50
2011.11.11 16:15:37.120,0.92171,0.92198,1.50,1.13
2011.11.11 16:15:37.702,0.9217,0.92196,1.50,1.50
2011.11.11 16:15:41.200,0.92173,0.92199,1.50,1.50
2011.11.11 16:15:42.242,0.9217,0.92196,1.87,1.50
2011.11.11 16:15:43.165,0.92172,0.92196,1.13,1.50
2011.11.11 16:15:43.503,0.92175,0.922,1.13,1.50
2011.11.11 16:15:44.002,0.92171,0.92195,1.12,1.50
2011.11.11 16:15:45.310,0.92167,0.92192,3.68,1.50
2011.11.11 16:15:45.691,0.92168,0.92194,1.50,1.50
2011.11.11 16:15:50.219,0.92168,0.92193,2.93,1.50
2011.11.11 16:15:50.561,0.92157,0.92184,2.93,1.50
2011.11.11 16:15:50.901,0.9215,0.92175,1.50,1.13
2011.11.11 16:15:51.540,0.92147,0.92176,2.93,1.13
2011.11.11 16:15:51.690,0.92147,0.9218,2.93,1.51
2011.11.11 16:15:51.810,0.92147,0.9218,3.68,2.26
2011.11.11 16:15:52.148,0.92154,0.92178,1.50,1.13
2011.11.11 16:15:52.860,0.92156,0.92181,1.50,1.13
2011.11.11 16:15:54.155,0.92156,0.92182,1.50,1.88
2011.11.11 16:15:55.164,0.92158,0.92182,2.18,1.50
2011.11.11 16:15:56.688,0.92156,0.92182,1.50,1.50
2011.11.11 16:15:59.850,0.92159,0.92186,1.50,1.13
2011.11.11 16:16:02.118,0.92163,0.92189,1.50,1.13
2011.11.11 16:16:03.781,0.92159,0.92187,1.50,1.50
2011.11.11 16:16:04.008,0.92152,0.9218,1.50,1.50
2011.11.11 16:16:04.265,0.92158,0.9218,2.18,1.50
2011.11.11 16:16:06.580,0.92152,0.9218,1.50,1.50
2011.11.11 16:16:09.776,0.92158,0.92178,2.18,1.50
2011.11.11 16:16:09.890,0.92152,0.92178,1.50,1.50
2011.11.11 16:16:11.571,0.92155,0.92183,1.50,1.50
2011.11.11 16:16:11.908,0.9216,0.92186,1.50,1.50
2011.11.11 16:16:12.131,0.92165,0.9219,1.50,1.50
2011.11.11 16:16:12.473,0.92165,0.9219,1.50,1.13
2011.11.11 16:16:15.420,0.92168,0.92193,1.50,1.88
2011.11.11 16:16:16.230,0.92168,0.92194,1.50,1.50
2011.11.11 16:16:18.391,0.92164,0.92192,1.50,1.50
2011.11.11 16:16:19.161,0.92164,0.9219,1.50,1.13
2011.11.11 16:16:22.870,0.92162,0.92186,1.50,1.13
2011.11.11 16:16:22.989,0.9216,0.92186,1.50,1.13
2011.11.11 16:16:23.578,0.92164,0.92192,1.50,1.50
2011.11.11 16:16:24.663,0.92164,0.92189,1.50,1.13
2011.11.11 16:16:25.580,0.92164,0.9219,1.50,1.13
2011.11.11 16:16:27.451,0.92168,0.92192,2.18,2.25
2011.11.11 16:16:28.343,0.92168,0.92195,2.93,1.50
2011.11.11 16:16:30.745,0.92168,0.92191,2.18,1.13
2011.11.11 16:16:30.970,0.92159,0.92184,1.50,1.88
2011.11.11 16:16:31.095,0.9215,0.92175,1.50,1.35
2011.11.11 16:16:31.212,0.92144,0.92172,1.50,1.50
2011.11.11 16:16:32.026,0.9214,0.92168,1.50,2.25
2011.11.11 16:16:32.401,0.92137,0.92163,1.50,1.50
2011.11.11 16:16:35.483,0.92137,0.92161,2.93,1.88
2011.11.11 16:16:35.602,0.92128,0.92149,2.18,1.50
2011.11.11 16:16:36.395,0.92128,0.92153,2.93,1.50
2011.11.11 16:16:36.516,0.92132,0.92157,1.50,1.50
2011.11.11 16:16:36.851,0.92132,0.92158,1.50,1.50
2011.11.11 16:16:37.643,0.92132,0.92157,1.50,1.50
2011.11.11 16:16:37.758,0.92122,0.9215,1.50,1.50
2011.11.11 16:16:39.511,0.92122,0.92147,1.50,1.13
2011.11.11 16:16:39.633,0.92118,0.92146,1.50,1.88
2011.11.11 16:16:39.863,0.92115,0.92141,1.50,1.50
2011.11.11 16:16:40.811,0.9211,0.92136,1.50,1.13
2011.11.11 16:16:40.931,0.92106,0.92132,1.50,1.50
2011.11.11 16:16:41.053,0.92103,0.92131,1.50,1.50
2011.11.11 16:16:43.799,0.92109,0.92135,1.50,1.50
2011.11.11 16:16:44.804,0.92108,0.92131,2.18,1.50
2011.11.11 16:16:45.355,0.92107,0.9213,2.18,1.50
2011.11.11 16:16:45.579,0.921,0.92126,1.50,1.50
2011.11.11 16:16:46.161,0.92098,0.92124,2.93,1.50
2011.11.11 16:16:47.702,0.921,0.92126,1.50,1.50
2011.11.11 16:16:53.270,0.921,0.92124,1.50,2.10
2011.11.11 16:16:53.391,0.92096,0.92123,1.50,3.68
2011.11.11 16:16:53.509,0.92096,0.92121,1.50,2.10
2011.11.11 16:16:53.630,0.92093,0.92118,1.50,1.35
2011.11.11 16:16:53.863,0.92097,0.92123,1.50,3.68
2011.11.11 16:16:54.204,0.92098,0.9213,1.50,1.50
2011.11.11 16:16:54.320,0.92104,0.92132,1.50,2.25
2011.11.11 16:16:54.971,0.92104,0.9213,1.50,1.50
2011.11.11 16:16:55.310,0.92102,0.92127,1.50,1.50
2011.11.11 16:16:55.539,0.92095,0.92121,1.50,1.50
2011.11.11 16:16:56.470,0.92091,0.92119,1.50,1.50
2011.11.11 16:16:58.664,0.92098,0.92125,1.50,1.50
2011.11.11 16:16:59.100,0.92093,0.92124,1.35,1.50
2011.11.11 16:16:59.223,0.92084,0.92112,1.50,1.50
2011.11.11 16:16:59.340,0.92079,0.9211,1.50,1.50
2011.11.11 16:16:59.462,0.92079,0.92105,1.50,1.35
2011.11.11 16:16:59.580,0.92077,0.92102,2.93,1.50
2011.11.11 16:17:00.283,0.92071,0.92099,1.50,1.50
2011.11.11 16:17:00.729,0.92073,0.92106,1.50,1.50
2011.11.11 16:17:00.853,0.9208,0.92106,1.50,1.50
2011.11.11 16:17:02.709,0.92079,0.92107,1.50,1.50
2011.11.11 16:17:05.674,0.92072,0.92104,2.10,1.50
2011.11.11 16:17:05.786,0.92076,0.92102,1.50,1.50
2011.11.11 16:17:06.839,0.92071,0.921,1.50,1.50
2011.11.11 16:17:06.955,0.92071,0.92099,2.25,1.50
2011.11.11 16:17:07.260,0.92075,0.92103,1.50,1.50
2011.11.11 16:17:11.871,0.92075,0.92101,1.50,1.50
2011.11.11 16:17:11.991,0.9207,0.92095,1.50,1.50
2011.11.11 16:17:12.113,0.92066,0.9209,1.50,1.13
2011.11.11 16:17:12.705,0.92064,0.9209,1.50,1.13
2011.11.11 16:17:12.821,0.92063,0.92089,1.50,1.50
2011.11.11 16:17:13.279,0.92061,0.92088,1.50,1.13
2011.11.11 16:17:13.827,0.92058,0.92086,1.50,1.50
2011.11.11 16:17:14.191,0.92063,0.92088,1.50,1.13
2011.11.11 16:17:14.529,0.92067,0.92088,2.18,1.13
2011.11.11 16:17:15.122,0.92067,0.92089,2.93,1.13
2011.11.11 16:17:15.241,0.92067,0.92092,2.93,1.88
2011.11.11 16:17:15.470,0.92066,0.92095,1.50,1.50
2011.11.11 16:17:15.593,0.9207,0.92096,1.50,1.50
2011.11.11 16:17:15.712,0.92072,0.921,1.50,1.50
2011.11.11 16:17:16.399,0.92085,0.92114,1.12,1.50
2011.11.11 16:17:16.513,0.92093,0.92119,1.50,1.50
2011.11.11 16:17:17.274,0.92093,0.92121,1.50,1.50
2011.11.11 16:17:17.500,0.92093,0.92103,1.50,2.18
2011.11.11 16:17:17.840,0.92092,0.92103,1.50,3.30
2011.11.11 16:17:17.959,0.92083,0.92101,2.10,1.13
2011.11.11 16:17:18.078,0.92072,0.92098,1.50,1.13
2011.11.11 16:17:18.189,0.92071,0.92097,1.12,1.50
2011.11.11 16:17:19.533,0.92069,0.92097,1.12,1.50
2011.11.11 16:17:19.653,0.92067,0.92091,2.93,1.50
2011.11.11 16:17:19.880,0.92066,0.92092,1.12,1.50
2011.11.11 16:17:20.110,0.92078,0.92103,1.50,2.93
2011.11.11 16:17:20.454,0.92078,0.92108,1.50,1.50
2011.11.11 16:17:20.681,0.92084,0.9211,1.50,1.50
2011.11.11 16:17:21.022,0.92079,0.92107,1.50,1.50
2011.11.11 16:17:22.071,0.92079,0.92103,1.50,2.18
2011.11.11 16:17:22.189,0.92067,0.92093,1.50,1.50
2011.11.11 16:17:23.852,0.92071,0.92097,1.50,1.50
2011.11.11 16:17:24.190,0.92077,0.92105,1.50,1.50
2011.11.11 16:17:24.742,0.92082,0.92108,1.50,1.50
2011.11.11 16:17:26.971,0.92083,0.92112,1.50,1.50
2011.11.11 16:17:27.282,0.92086,0.92112,1.50,1.50
2011.11.11 16:17:29.095,0.92073,0.92101,1.50,1.50
2011.11.11 16:17:31.510,0.92074,0.92105,1.50,1.50
2011.11.11 16:17:31.629,0.92072,0.921,1.50,1.50
2011.11.11 16:17:36.203,0.9207,0.92096,1.50,1.50
2011.11.11 16:17:36.880,0.92067,0.92093,2.93,1.50
2011.11.11 16:17:40.644,0.92062,0.9209,1.50,1.88
2011.11.11 16:17:40.760,0.92062,0.92088,1.50,1.13
2011.11.11 16:17:42.550,0.92065,0.9209,1.50,1.13
2011.11.11 16:17:43.741,0.9207,0.92095,1.50,1.13
2011.11.11 16:17:43.859,0.92071,0.92095,1.50,1.13
2011.11.11 16:17:44.441,0.92073,0.92097,1.50,1.13
2011.11.11 16:17:45.204,0.92071,0.92095,1.50,1.13
2011.11.11 16:17:45.322,0.9207,0.92095,1.50,1.13
2011.11.11 16:17:45.761,0.92066,0.92091,1.50,1.13
2011.11.11 16:17:45.990,0.92063,0.92089,1.50,1.88
2011.11.11 16:17:46.826,0.92059,0.92088,1.50,1.50
2011.11.11 16:17:46.945,0.92059,0.92085,1.50,1.50
2011.11.11 16:17:47.173,0.92063,0.92088,1.50,1.13
2011.11.11 16:17:47.905,0.92063,0.92089,1.50,1.13
2011.11.11 16:17:48.024,0.92066,0.92092,1.50,3.68
2011.11.11 16:17:49.353,0.92064,0.92092,1.50,1.50
2011.11.11 16:17:51.095,0.9206,0.92086,1.50,1.50
2011.11.11 16:17:52.013,0.9206,0.92086,1.50,1.50
2011.11.11 16:17:52.132,0.92057,0.92083,3.68,1.50
2011.11.11 16:17:52.659,0.92058,0.9209,2.93,1.13
2011.11.11 16:17:52.768,0.92063,0.92083,1.35,2.18
2011.11.11 16:17:52.996,0.92066,0.92099,2.48,1.50
2011.11.11 16:17:54.852,0.92071,0.92099,1.50,1.50
2011.11.11 16:17:55.661,0.9207,0.921,1.13,1.50
2011.11.11 16:17:55.785,0.92067,0.92101,1.13,1.13
2011.11.11 16:17:55.905,0.9207,0.921,1.13,1.50
2011.11.11 16:17:56.332,0.92068,0.92105,1.13,1.13
2011.11.11 16:17:56.429,0.92076,0.92102,1.50,1.50
2011.11.11 16:17:56.556,0.92067,0.92109,3.52,2.25
2011.11.11 16:17:56.677,0.92075,0.92103,1.50,1.50
2011.11.11 16:17:57.787,0.92067,0.92092,3.67,1.50
2011.11.11 16:17:57.970,0.92067,0.92092,1.12,1.50
2011.11.11 16:17:58.534,0.92068,0.92094,1.50,1.50
2011.11.11 16:17:59.348,0.92068,0.92101,1.72,1.50
2011.11.11 16:17:59.580,0.92071,0.92098,2.48,1.50
2011.11.11 16:17:59.696,0.92075,0.92101,1.50,1.13
2011.11.11 16:18:00.217,0.92076,0.92101,1.50,1.50
2011.11.11 16:18:00.918,0.92067,0.92088,2.10,1.50
2011.11.11 16:18:02.008,0.92067,0.92095,2.10,1.50
2011.11.11 16:18:02.266,0.92067,0.92086,2.10,1.50
2011.11.11 16:18:02.474,0.92067,0.92092,2.10,1.50
2011.11.11 16:18:03.093,0.92067,0.9209,2.10,1.50
2011.11.11 16:18:03.652,0.92068,0.9209,1.35,1.13
2011.11.11 16:18:04.774,0.92068,0.92093,1.50,1.50
2011.11.11 16:18:07.512,0.92062,0.92093,1.50,4.05
2011.11.11 16:18:07.636,0.92062,0.92088,1.50,1.50
2011.11.11 16:18:07.750,0.9206,0.92088,1.50,1.50
2011.11.11 16:18:07.869,0.92057,0.92085,1.50,1.50
2011.11.11 16:18:08.217,0.92054,0.9208,1.50,1.50
2011.11.11 16:18:08.562,0.92057,0.92085,1.50,1.50
2011.11.11 16:18:11.952,0.92052,0.92078,1.50,1.13
2011.11.11 16:18:14.222,0.92059,0.92083,1.12,1.50
2011.11.11 16:18:14.342,0.92062,0.92088,1.50,1.13
2011.11.11 16:18:15.302,0.92072,0.92098,1.50,2.25
2011.11.11 16:18:18.222,0.92073,0.92101,1.50,1.13
2011.11.11 16:18:18.335,0.92078,0.92102,2.18,1.50
2011.11.11 16:18:18.451,0.92079,0.92105,1.50,1.50
2011.11.11 16:18:18.805,0.92076,0.92102,1.12,1.50
2011.11.11 16:18:19.259,0.92077,0.92105,1.50,1.88
2011.11.11 16:18:19.815,0.92084,0.92112,1.50,1.50
2011.11.11 16:18:19.929,0.92086,0.92112,1.50,1.50
2011.11.11 16:18:20.844,0.92081,0.92108,1.50,1.13
2011.11.11 16:18:21.232,0.92078,0.92104,3.68,1.50
2011.11.11 16:18:22.232,0.92081,0.92109,1.50,3.00
2011.11.11 16:18:23.042,0.92085,0.92113,1.50,1.50
2011.11.11 16:18:23.970,0.92088,0.92113,1.73,1.50
2011.11.11 16:18:24.094,0.92097,0.92122,1.50,1.13
2011.11.11 16:18:24.215,0.921,0.92126,1.50,1.50
2011.11.11 16:18:25.301,0.921,0.92129,1.50,2.25
2011.11.11 16:18:25.530,0.92104,0.9213,1.50,1.50
2011.11.11 16:18:25.870,0.92106,0.92132,1.50,1.13
2011.11.11 16:18:26.449,0.92106,0.92134,1.50,1.50
2011.11.11 16:18:30.174,0.92105,0.92134,1.50,1.50
2011.11.11 16:18:30.292,0.92116,0.9214,1.50,1.13
2011.11.11 16:18:30.630,0.92112,0.92137,1.50,1.13
2011.11.11 16:18:30.975,0.92115,0.92143,1.50,4.43
2011.11.11 16:18:31.532,0.92115,0.92143,1.50,2.25
2011.11.11 16:18:33.390,0.92116,0.92141,1.50,1.88
2011.11.11 16:18:33.511,0.92112,0.92138,1.50,1.50
2011.11.11 16:18:34.096,0.92115,0.92141,1.50,1.88
2011.11.11 16:18:34.213,0.92115,0.92141,1.50,1.13
2011.11.11 16:18:34.723,0.92117,0.92142,1.13,2.93
2011.11.11 16:18:35.074,0.92144,0.92169,1.13,1.50
2011.11.11 16:18:35.529,0.92143,0.92173,1.13,2.78
2011.11.11 16:18:35.864,0.92157,0.92185,2.93,2.10
2011.11.11 16:18:36.426,0.9216,0.92182,1.50,2.93
2011.11.11 16:18:36.544,0.92149,0.92176,1.50,1.13
2011.11.11 16:18:36.778,0.92149,0.92174,1.50,1.51
2011.11.11 16:18:36.894,0.92146,0.92174,1.50,1.13
2011.11.11 16:18:37.014,0.92146,0.92172,1.50,1.50
2011.11.11 16:18:37.134,0.92149,0.92174,1.50,1.13
2011.11.11 16:18:37.593,0.92145,0.92173,1.50,1.50
2011.11.11 16:18:38.218,0.92149,0.92174,1.50,1.13
2011.11.11 16:18:38.336,0.92146,0.92172,1.50,1.50
2011.11.11 16:18:38.674,0.92145,0.92173,1.50,1.50
2011.11.11 16:18:38.790,0.92141,0.9217,1.50,1.50
2011.11.11 16:18:38.909,0.92137,0.92163,1.50,1.50
2011.11.11 16:18:39.348,0.92135,0.92157,1.50,1.13
2011.11.11 16:18:39.459,0.92133,0.92157,1.50,1.13
2011.11.11 16:18:40.164,0.92133,0.92158,1.50,1.88
2011.11.11 16:18:40.743,0.92133,0.92158,1.50,1.88
2011.11.11 16:18:40.974,0.92129,0.92154,1.13,1.13
2011.11.11 16:18:42.232,0.92125,0.92152,1.50,1.50
2011.11.11 16:18:42.347,0.92118,0.92146,1.50,1.50
2011.11.11 16:18:42.791,0.92114,0.92143,1.50,1.50
2011.11.11 16:18:43.243,0.92101,0.92149,2.85,2.10
2011.11.11 16:18:43.828,0.92116,0.92142,1.50,1.88
2011.11.11 16:18:44.382,0.92112,0.92138,1.50,1.13
2011.11.11 16:18:45.058,0.92105,0.92134,1.50,1.50
2011.11.11 16:18:45.178,0.92105,0.92131,1.50,1.50
2011.11.11 16:18:45.788,0.92101,0.92129,1.50,1.50
2011.11.11 16:18:46.014,0.92097,0.92123,1.50,2.10
2011.11.11 16:18:46.355,0.92083,0.92109,1.50,1.50
2011.11.11 16:18:46.475,0.92079,0.92105,1.50,1.50
2011.11.11 16:18:46.593,0.92079,0.92104,1.50,1.35
2011.11.11 16:18:47.368,0.92079,0.92109,1.50,2.25
2011.11.11 16:18:47.486,0.92082,0.92109,1.50,1.50
2011.11.11 16:18:47.606,0.92083,0.92109,1.50,1.50
2011.11.11 16:18:48.232,0.9208,0.92108,1.50,1.50
2011.11.11 16:18:48.351,0.9208,0.92106,1.50,1.50
2011.11.11 16:18:49.891,0.92077,0.92105,1.13,1.50
2011.11.11 16:18:50.443,0.92075,0.92103,1.50,1.88
2011.11.11 16:18:50.997,0.92073,0.92103,1.50,1.88
2011.11.11 16:18:51.112,0.92071,0.92099,1.50,1.50
2011.11.11 16:18:51.341,0.92068,0.92094,1.88,1.50
2011.11.11 16:18:52.362,0.92069,0.92094,1.13,1.50
2011.11.11 16:18:54.151,0.92071,0.92099,1.50,1.50
2011.11.11 16:18:54.491,0.9207,0.92099,1.88,1.50
2011.11.11 16:18:55.050,0.9207,0.92095,1.13,1.50
2011.11.11 16:18:55.165,0.92072,0.92099,1.13,1.50
2011.11.11 16:18:55.279,0.92071,0.92097,1.13,1.50
2011.11.11 16:18:56.043,0.92069,0.92095,1.50,1.50
2011.11.11 16:18:56.472,0.92068,0.92091,1.12,1.50
2011.11.11 16:18:57.269,0.92067,0.92091,1.50,1.50
2011.11.11 16:18:58.009,0.92067,0.92089,1.13,1.50
2011.11.11 16:18:58.241,0.92062,0.92087,1.50,1.50
2011.11.11 16:18:58.362,0.92066,0.92092,1.50,2.25
2011.11.11 16:18:58.480,0.92072,0.92092,1.13,1.50
2011.11.11 16:18:59.017,0.92072,0.921,1.88,1.50
2011.11.11 16:18:59.134,0.92084,0.92101,1.35,1.50
2011.11.11 16:18:59.253,0.92084,0.92101,2.10,1.50
2011.11.11 16:18:59.372,0.92087,0.92114,1.13,1.50
2011.11.11 16:18:59.492,0.92087,0.92115,1.50,1.50
2011.11.11 16:18:59.612,0.92084,0.92112,1.50,1.50
2011.11.11 16:18:59.732,0.92084,0.9211,1.50,1.50
2011.11.11 16:19:01.022,0.92085,0.9211,1.13,1.50
2011.11.11 16:19:01.583,0.92084,0.9211,1.50,1.50
2011.11.11 16:19:01.702,0.92079,0.92109,1.50,1.50
2011.11.11 16:19:01.822,0.92079,0.92107,1.50,1.50
2011.11.11 16:19:01.944,0.92079,0.92105,1.50,1.35
2011.11.11 16:19:02.361,0.92071,0.92093,1.50,1.50
2011.11.11 16:19:02.488,0.92076,0.92099,1.35,1.50
2011.11.11 16:19:02.602,0.9208,0.92109,1.13,1.50
2011.11.11 16:19:02.721,0.92081,0.92109,1.50,1.50
2011.11.11 16:19:03.442,0.92077,0.92102,1.12,1.13
2011.11.11 16:19:03.571,0.92071,0.92097,1.50,1.50
2011.11.11 16:19:05.558,0.92069,0.92098,1.88,1.50
2011.11.11 16:19:05.672,0.92069,0.92094,1.13,1.50
2011.11.11 16:19:07.749,0.92067,0.92094,1.50,1.50
2011.11.11 16:19:08.091,0.92071,0.92097,1.13,1.50
2011.11.11 16:19:08.522,0.92071,0.92094,1.13,1.50
2011.11.11 16:19:08.639,0.92073,0.92099,1.50,2.25
2011.11.11 16:19:08.870,0.92077,0.92101,1.50,1.50
2011.11.11 16:19:09.105,0.92081,0.92106,1.50,1.13
2011.11.11 16:19:09.658,0.92075,0.92099,1.12,1.50
2011.11.11 16:19:09.991,0.92068,0.92091,2.93,1.50
2011.11.11 16:19:10.533,0.92068,0.92088,2.18,1.50
2011.11.11 16:19:11.091,0.92051,0.92076,1.50,1.50
2011.11.11 16:19:11.840,0.92068,0.92084,2.18,1.50
2011.11.11 16:19:11.939,0.92068,0.92081,2.18,1.50
2011.11.11 16:19:12.675,0.92057,0.92081,2.93,1.50
2011.11.11 16:19:13.682,0.9205,0.92074,1.50,1.50
2011.11.11 16:19:14.480,0.92054,0.92079,1.50,1.50
2011.11.11 16:19:14.599,0.92052,0.92076,1.50,1.50
2011.11.11 16:19:14.801,0.92051,0.92076,1.50,1.50
2011.11.11 16:19:14.925,0.92048,0.92074,1.50,2.25
2011.11.11 16:19:15.043,0.92044,0.92068,1.50,1.50
2011.11.11 16:19:15.725,0.92046,0.92068,1.50,1.50
2011.11.11 16:19:16.681,0.9204,0.92067,1.50,1.50
2011.11.11 16:19:17.261,0.92046,0.92071,1.50,1.50
2011.11.11 16:19:17.490,0.92046,0.92072,1.50,1.50
2011.11.11 16:19:17.719,0.92046,0.92071,1.50,1.50
2011.11.11 16:19:18.055,0.92041,0.92067,1.50,1.50
2011.11.11 16:19:18.175,0.9204,0.92064,1.13,1.50
2011.11.11 16:19:19.087,0.92045,0.9207,1.50,1.50
2011.11.11 16:19:19.313,0.92049,0.92077,1.50,2.25
2011.11.11 16:19:19.844,0.92048,0.9207,1.50,1.50
2011.11.11 16:19:19.963,0.92042,0.92067,1.50,1.50
2011.11.11 16:19:20.083,0.92041,0.92066,1.50,1.50
2011.11.11 16:19:20.768,0.92041,0.92064,1.50,1.13
2011.11.11 16:19:20.884,0.92037,0.92063,1.50,2.25
2011.11.11 16:19:21.004,0.92037,0.92061,1.50,1.50
2011.11.11 16:19:21.234,0.92032,0.92056,1.50,1.13
2011.11.11 16:19:22.234,0.92032,0.92053,1.50,1.13
2011.11.11 16:19:22.798,0.92026,0.92051,1.50,1.13
2011.11.11 16:19:22.915,0.92025,0.9205,1.50,1.50
2011.11.11 16:19:23.251,0.92028,0.92051,1.50,1.13
2011.11.11 16:19:23.481,0.92028,0.92056,1.50,2.25
2011.11.11 16:19:23.601,0.92034,0.9206,1.50,1.50
2011.11.11 16:19:23.944,0.92045,0.92072,1.50,1.50
2011.11.11 16:19:24.063,0.92046,0.92072,1.50,1.50
2011.11.11 16:19:24.894,0.92046,0.92074,1.50,1.50
2011.11.11 16:19:25.341,0.92055,0.92078,1.50,1.13
2011.11.11 16:19:25.571,0.92055,0.92078,1.50,1.13
2011.11.11 16:19:26.023,0.92057,0.92079,1.50,1.50
2011.11.11 16:19:26.787,0.92056,0.92083,1.50,1.50
2011.11.11 16:19:27.011,0.92046,0.92085,2.10,1.50
2011.11.11 16:19:27.129,0.9204,0.92087,1.13,1.88
2011.11.11 16:19:27.243,0.92046,0.92081,2.10,1.50
2011.11.11 16:19:27.984,0.92054,0.92081,1.50,1.50
2011.11.11 16:19:28.386,0.92058,0.92083,1.50,2.25
2011.11.11 16:19:29.572,0.92055,0.9208,1.50,1.50
2011.11.11 16:19:29.692,0.92059,0.92083,1.50,1.50
2011.11.11 16:19:30.284,0.92059,0.92083,1.50,1.50
2011.11.11 16:19:31.771,0.92055,0.92079,1.50,1.50
2011.11.11 16:19:32.237,0.92047,0.92087,2.18,1.13
2011.11.11 16:19:32.349,0.92042,0.92087,1.50,1.13
2011.11.11 16:19:32.473,0.92044,0.9207,1.50,1.50
2011.11.11 16:19:32.596,0.92041,0.92067,1.50,1.50
2011.11.11 16:19:32.714,0.92042,0.92071,1.50,2.25
2011.11.11 16:19:32.834,0.92045,0.92071,1.50,2.25
2011.11.11 16:19:33.395,0.92045,0.92071,1.50,1.50
2011.11.11 16:19:33.982,0.92049,0.92074,1.50,1.50
2011.11.11 16:19:35.429,0.92049,0.92074,1.50,1.50
2011.11.11 16:19:38.109,0.92049,0.92074,1.50,1.50
2011.11.11 16:19:43.074,0.92049,0.92073,1.50,1.50
2011.11.11 16:19:43.195,0.92053,0.92076,1.50,1.13
2011.11.11 16:19:44.722,0.9206,0.92085,1.50,1.50
2011.11.11 16:19:45.029,0.9206,0.92085,1.50,1.50
2011.11.11 16:19:46.988,0.92054,0.92081,1.50,1.50
2011.11.11 16:19:47.103,0.92054,0.92079,1.50,1.50
2011.11.11 16:19:47.855,0.9205,0.92076,1.50,2.25
2011.11.11 16:19:48.280,0.92052,0.92076,1.50,1.50
2011.11.11 16:19:48.620,0.92054,0.92078,1.50,1.50
2011.11.11 16:19:49.119,0.9205,0.92076,1.50,2.25
2011.11.11 16:19:49.237,0.92055,0.92079,1.50,1.50
2011.11.11 16:19:50.711,0.92058,0.92083,1.50,1.50
2011.11.11 16:19:50.830,0.92058,0.92083,1.50,1.50
2011.11.11 16:19:50.951,0.92058,0.92082,1.50,1.13
2011.11.11 16:19:51.512,0.92055,0.92079,1.50,1.50
2011.11.11 16:19:51.623,0.92053,0.92079,1.50,1.50
2011.11.11 16:19:52.069,0.92053,0.9208,1.50,1.13
2011.11.11 16:19:52.194,0.92053,0.92083,1.50,1.50
2011.11.11 16:19:52.317,0.92053,0.92081,1.50,1.50
2011.11.11 16:19:52.651,0.92053,0.92079,1.50,1.50
2011.11.11 16:19:52.882,0.92051,0.92077,1.50,1.50
2011.11.11 16:19:53.002,0.9205,0.92077,1.50,2.25
2011.11.11 16:19:53.635,0.92041,0.92069,2.85,1.50
2011.11.11 16:19:53.859,0.92041,0.92067,1.50,1.50
2011.11.11 16:19:55.531,0.92043,0.92067,1.50,1.50
2011.11.11 16:19:56.074,0.92045,0.9207,1.50,1.50
2011.11.11 16:19:56.402,0.92049,0.92074,1.50,1.50
2011.11.11 16:19:57.305,0.92049,0.92074,1.50,1.50
2011.11.11 16:19:59.999,0.92049,0.92077,1.50,1.50
2011.11.11 16:20:00.110,0.92053,0.92079,1.50,1.50
2011.11.11 16:20:00.722,0.92052,0.92079,1.50,1.50
2011.11.11 16:20:01.819,0.92049,0.92074,1.50,1.50
2011.11.11 16:20:02.643,0.92049,0.92076,1.50,1.50
2011.11.11 16:20:05.890,0.92049,0.92077,1.50,1.50
2011.11.11 16:20:06.229,0.92058,0.92083,1.50,1.50
2011.11.11 16:20:06.580,0.92061,0.92084,1.50,1.13
2011.11.11 16:20:08.155,0.92061,0.92086,1.50,1.50
2011.11.11 16:20:08.385,0.92063,0.92089,1.50,1.50
2011.11.11 16:20:08.503,0.92063,0.92091,1.50,1.50
2011.11.11 16:20:09.119,0.92063,0.92093,1.50,1.50
2011.11.11 16:20:09.237,0.92076,0.92101,1.50,1.50
2011.11.11 16:20:10.364,0.92076,0.92102,1.50,1.50
2011.11.11 16:20:10.481,0.92077,0.92106,1.50,1.50
2011.11.11 16:20:10.602,0.9208,0.92106,1.50,1.50
2011.11.11 16:20:12.325,0.92083,0.92111,1.50,1.50
2011.11.11 16:20:14.583,0.92081,0.92111,1.50,1.50
2011.11.11 16:20:14.710,0.9208,0.92106,1.50,1.50
2011.11.11 16:20:15.812,0.92081,0.92109,1.50,1.50
2011.11.11 16:20:16.234,0.92083,0.92109,1.50,2.25
2011.11.11 16:20:16.573,0.9208,0.92106,1.50,1.50
2011.11.11 16:20:17.347,0.92079,0.92107,1.50,1.50
2011.11.11 16:20:17.646,0.92082,0.92109,1.50,1.50
2011.11.11 16:20:17.761,0.92083,0.92109,1.50,1.50
2011.11.11 16:20:17.885,0.92084,0.92114,1.50,1.50
2011.11.11 16:20:19.145,0.92086,0.92114,1.50,2.25
2011.11.11 16:20:21.234,0.92089,0.92117,1.50,1.50
2011.11.11 16:20:23.045,0.92098,0.92122,1.50,2.18
2011.11.11 16:20:23.513,0.92102,0.92127,1.50,1.50
2011.11.11 16:20:23.961,0.92097,0.92125,1.50,1.50
2011.11.11 16:20:24.588,0.92094,0.9212,1.50,1.50
2011.11.11 16:20:26.585,0.92098,0.92123,1.50,1.13
2011.11.11 16:20:30.491,0.921,0.92126,1.50,1.13
2011.11.11 16:20:30.611,0.92101,0.92127,1.50,1.13
2011.11.11 16:20:31.781,0.92105,0.9213,1.50,1.13
2011.11.11 16:20:33.091,0.921,0.92128,1.50,1.50
2011.11.11 16:20:35.309,0.92103,0.92128,1.13,1.50
2011.11.11 16:20:35.427,0.92118,0.92143,1.50,2.18
2011.11.11 16:20:35.760,0.92121,0.92149,1.50,1.50
2011.11.11 16:20:35.883,0.92123,0.9215,1.50,1.13
2011.11.11 16:20:36.003,0.92127,0.92151,1.50,1.13
2011.11.11 16:20:36.623,0.92124,0.9215,1.50,1.88
2011.11.11 16:20:36.853,0.92127,0.92153,1.50,1.50
2011.11.11 16:20:37.964,0.92123,0.92151,1.50,1.50
2011.11.11 16:20:38.083,0.92119,0.92147,1.50,1.50
2011.11.11 16:20:38.202,0.92124,0.9215,1.50,1.50
2011.11.11 16:20:38.325,0.92124,0.92151,1.50,1.88
2011.11.11 16:20:38.660,0.92133,0.9216,1.50,1.88
2011.11.11 16:20:38.782,0.92134,0.9216,1.50,1.88
2011.11.11 16:20:39.654,0.92125,0.92153,1.50,1.50
2011.11.11 16:20:40.099,0.92128,0.92153,1.50,1.13
2011.11.11 16:20:40.592,0.92125,0.92151,1.50,1.13
2011.11.11 16:20:41.062,0.92125,0.9215,1.50,1.50
2011.11.11 16:20:41.412,0.92131,0.9215,1.50,1.13
2011.11.11 16:20:42.346,0.92126,0.92148,1.50,1.13
2011.11.11 16:20:43.672,0.92123,0.92148,1.50,1.50
2011.11.11 16:20:44.210,0.92123,0.92148,1.50,1.50
2011.11.11 16:20:45.261,0.92123,0.92149,1.50,1.13
2011.11.11 16:20:45.601,0.92126,0.92149,1.50,1.13
2011.11.11 16:20:46.159,0.92126,0.92143,1.50,2.18
2011.11.11 16:20:46.284,0.92124,0.92143,1.50,2.18
2011.11.11 16:20:46.401,0.9212,0.92143,1.50,2.18
2011.11.11 16:20:46.522,0.92118,0.92143,1.50,2.18
2011.11.11 16:20:46.860,0.92114,0.92142,1.50,1.50
2011.11.11 16:20:47.466,0.9211,0.92138,1.50,1.50
2011.11.11 16:20:47.690,0.92112,0.92141,1.50,1.50
2011.11.11 16:20:47.920,0.92115,0.92141,1.50,1.50
2011.11.11 16:20:48.149,0.92118,0.92146,1.50,1.50
2011.11.11 16:20:48.544,0.92116,0.92143,1.50,1.88
2011.11.11 16:20:48.661,0.92115,0.92141,1.50,1.50
2011.11.11 16:20:50.780,0.92115,0.9214,1.50,1.50
2011.11.11 16:20:51.122,0.92106,0.92132,1.50,2.93
2011.11.11 16:20:51.241,0.92104,0.9213,1.50,1.88
2011.11.11 16:20:54.235,0.92107,0.92133,1.50,1.50
2011.11.11 16:20:54.353,0.92111,0.92135,1.50,1.13
2011.11.11 16:20:55.004,0.92111,0.92136,1.50,1.13
2011.11.11 16:20:55.125,0.92111,0.92136,1.50,1.50
2011.11.11 16:20:55.245,0.92111,0.92137,1.50,1.88
2011.11.11 16:20:55.472,0.92111,0.92137,1.50,1.13
2011.11.11 16:20:56.097,0.92115,0.92141,1.50,1.50
2011.11.11 16:20:59.505,0.9211,0.9214,1.50,1.88
2011.11.11 16:20:59.841,0.9211,0.92138,1.50,2.25
2011.11.11 16:21:00.706,0.9211,0.92135,1.50,1.88
2011.11.11 16:21:01.339,0.92106,0.92129,1.50,1.50
2011.11.11 16:21:01.455,0.92107,0.92131,1.50,1.13
2011.11.11 16:21:01.574,0.92104,0.9213,1.50,1.88
2011.11.11 16:21:01.692,0.92102,0.9213,1.50,1.88
2011.11.11 16:21:01.812,0.921,0.92126,1.50,1.50
2011.11.11 16:21:02.154,0.92093,0.92117,1.50,1.35
2011.11.11 16:21:02.493,0.92084,0.92111,1.50,1.13
2011.11.11 16:21:03.092,0.92081,0.92106,1.50,1.13
2011.11.11 16:21:03.722,0.92075,0.92105,1.50,1.13
2011.11.11 16:21:03.842,0.92074,0.92104,1.50,1.50
2011.11.11 16:21:04.180,0.9207,0.92098,1.50,1.50
2011.11.11 16:21:05.779,0.92073,0.92102,1.50,1.88
2011.11.11 16:21:05.895,0.92074,0.92102,1.50,1.88
2011.11.11 16:21:08.654,0.9207,0.92098,1.50,1.50
2011.11.11 16:21:08.990,0.92072,0.92102,1.50,1.88
2011.11.11 16:21:09.665,0.92074,0.92102,1.50,1.88
2011.11.11 16:21:10.668,0.92072,0.92102,1.50,1.88
2011.11.11 16:21:10.779,0.9207,0.92098,1.50,1.50
2011.11.11 16:21:12.863,0.92065,0.92093,1.50,1.50
2011.11.11 16:21:14.324,0.92071,0.92097,1.50,1.88
2011.11.11 16:21:14.554,0.92075,0.92099,1.50,1.13
2011.11.11 16:21:14.674,0.92075,0.92101,1.50,1.88
2011.11.11 16:21:14.902,0.92079,0.92105,1.50,1.50
2011.11.11 16:21:19.524,0.92082,0.92107,1.50,1.13
2011.11.11 16:21:19.639,0.9208,0.92106,1.50,1.50
2011.11.11 16:21:20.445,0.92084,0.9211,1.50,2.25
2011.11.11 16:21:20.780,0.92087,0.92113,1.50,1.13
2011.11.11 16:21:25.317,0.92084,0.92112,1.50,1.50
2011.11.11 16:21:27.183,0.92084,0.92109,1.50,1.88
2011.11.11 16:21:27.301,0.92083,0.92106,1.50,1.13
2011.11.11 16:21:27.421,0.92077,0.92103,1.50,1.50
2011.11.11 16:21:28.365,0.92077,0.92102,1.50,1.88
2011.11.11 16:21:29.041,0.92077,0.92102,1.50,1.13
2011.11.11 16:21:30.257,0.92077,0.92103,1.50,1.50
2011.11.11 16:21:33.361,0.92081,0.92106,1.50,1.13
2011.11.11 16:21:33.813,0.92085,0.92109,1.50,1.13
2011.11.11 16:21:34.151,0.92087,0.9211,1.50,1.13
2011.11.11 16:21:36.396,0.92087,0.92112,1.50,1.50
2011.11.11 16:21:36.899,0.92087,0.92112,1.50,1.13
2011.11.11 16:21:40.849,0.92084,0.92111,1.50,1.13
2011.11.11 16:21:42.633,0.92085,0.92109,1.50,1.13
2011.11.11 16:21:45.156,0.92085,0.9211,1.50,1.13
2011.11.11 16:21:47.358,0.92084,0.92113,1.50,1.50
2011.11.11 16:21:47.476,0.92087,0.9211,1.50,1.13
2011.11.11 16:21:47.816,0.92088,0.92116,1.50,1.50
2011.11.11 16:21:48.880,0.92092,0.92117,1.50,1.50
2011.11.11 16:21:49.834,0.92089,0.92117,1.50,2.25
2011.11.11 16:21:49.950,0.92089,0.92115,1.50,1.50
2011.11.11 16:21:50.226,0.92085,0.92114,1.13,1.50
2011.11.11 16:21:50.450,0.92084,0.92112,1.50,1.50
2011.11.11 16:21:52.910,0.92086,0.92115,1.50,1.50
2011.11.11 16:21:53.030,0.92089,0.92115,1.50,1.50
2011.11.11 16:21:55.151,0.92085,0.92111,1.50,1.50
2011.11.11 16:21:55.702,0.92085,0.92113,1.50,1.50
2011.11.11 16:21:55.847,0.92085,0.92111,1.50,1.50
2011.11.11 16:21:56.179,0.92088,0.92115,1.50,1.13
2011.11.11 16:22:00.330,0.92088,0.92114,1.50,1.88
2011.11.11 16:22:00.461,0.92085,0.92111,1.50,2.25
2011.11.11 16:22:01.932,0.92085,0.92111,1.50,1.50
2011.11.11 16:22:02.275,0.92092,0.92118,1.50,1.88
2011.11.11 16:22:02.392,0.92096,0.92118,1.50,1.13
2011.11.11 16:22:02.510,0.92096,0.92121,1.50,1.13
2011.11.11 16:22:02.633,0.92092,0.9212,1.50,1.13
2011.11.11 16:22:02.751,0.9209,0.92116,1.50,1.50
2011.11.11 16:22:02.872,0.92087,0.92113,1.50,1.50
2011.11.11 16:22:05.144,0.92085,0.92111,1.13,1.50
2011.11.11 16:22:05.263,0.92085,0.92109,1.13,1.50
2011.11.11 16:22:06.023,0.92087,0.92113,1.50,1.50
2011.11.11 16:22:06.140,0.9209,0.92116,1.50,1.50
2011.11.11 16:22:06.572,0.92087,0.92113,1.50,1.50
2011.11.11 16:22:08.206,0.92084,0.9211,1.13,1.50
2011.11.11 16:22:08.283,0.92083,0.9211,1.13,1.50
2011.11.11 16:22:08.402,0.92082,0.9211,1.88,1.50
2011.11.11 16:22:08.959,0.92079,0.92109,1.50,1.50
2011.11.11 16:22:09.069,0.92078,0.92109,3.30,1.50
2011.11.11 16:22:09.316,0.92083,0.92109,1.13,1.50
2011.11.11 16:22:10.299,0.92083,0.92109,1.13,1.50
2011.11.11 16:22:10.411,0.92088,0.92114,3.68,1.50
2011.11.11 16:22:11.494,0.9209,0.92114,1.13,1.50
2011.11.11 16:22:11.733,0.92088,0.92114,1.50,1.50
2011.11.11 16:22:11.851,0.92087,0.92114,2.93,1.50
2011.11.11 16:22:11.973,0.92087,0.9211,2.93,1.13
2011.11.11 16:22:12.623,0.92077,0.921,2.92,1.50
2011.11.11 16:22:12.952,0.92086,0.92112,1.50,1.50
2011.11.11 16:22:16.560,0.92083,0.92112,1.50,1.50
2011.11.11 16:22:16.680,0.92082,0.92108,1.13,1.50
2011.11.11 16:22:17.833,0.9208,0.92109,1.50,2.25
2011.11.11 16:22:18.169,0.92073,0.92101,1.50,1.50
2011.11.11 16:22:19.223,0.92073,0.92102,1.50,1.50
2011.11.11 16:22:19.742,0.92078,0.92103,1.50,1.13
2011.11.11 16:22:22.140,0.92082,0.92108,1.50,1.13
2011.11.11 16:22:22.264,0.92085,0.92113,1.50,2.63
2011.11.11 16:22:23.883,0.92088,0.92113,1.13,2.25
2011.11.11 16:22:24.000,0.92089,0.92113,2.48,1.50
2011.11.11 16:22:24.124,0.92092,0.92116,1.35,1.50
2011.11.11 16:22:24.245,0.92094,0.9212,1.50,1.50
2011.11.11 16:22:25.271,0.92089,0.92117,1.50,1.50
2011.11.11 16:22:25.610,0.92088,0.92114,1.35,1.50
2011.11.11 16:22:26.058,0.92089,0.92117,1.50,1.50
2011.11.11 16:22:28.353,0.92088,0.92114,1.50,1.50
2011.11.11 16:22:28.954,0.92087,0.92113,1.50,1.50
2011.11.11 16:22:30.452,0.92088,0.92113,3.30,2.25
2011.11.11 16:22:31.049,0.92087,0.92113,2.25,1.50
2011.11.11 16:22:31.379,0.92086,0.92112,1.50,1.50
2011.11.11 16:22:32.703,0.92083,0.92111,1.13,1.50
2011.11.11 16:22:32.823,0.92083,0.92108,1.13,1.50
2011.11.11 16:22:33.051,0.92077,0.92105,1.50,1.50
2011.11.11 16:22:33.870,0.92075,0.92101,1.50,1.50
2011.11.11 16:22:34.792,0.92071,0.92097,1.50,1.50
2011.11.11 16:22:37.332,0.92067,0.92096,2.25,1.50
2011.11.11 16:22:37.780,0.92071,0.92099,1.50,1.50
2011.11.11 16:22:38.426,0.92066,0.92094,1.50,1.50
2011.11.11 16:22:38.767,0.92069,0.92092,1.50,2.93
2011.11.11 16:22:39.218,0.92063,0.92091,1.50,1.88
2011.11.11 16:22:40.086,0.92057,0.92085,1.50,1.50
2011.11.11 16:22:41.302,0.92046,0.92072,1.50,1.50
2011.11.11 16:22:41.386,0.92054,0.92082,1.50,1.50
2011.11.11 16:22:41.723,0.92048,0.92072,2.55,1.50
2011.11.11 16:22:41.844,0.92049,0.92075,1.50,1.50
2011.11.11 16:22:42.073,0.92047,0.92074,1.13,1.50
2011.11.11 16:22:42.845,0.9204,0.92068,1.50,1.50
2011.11.11 16:22:43.911,0.92038,0.92063,1.13,1.50
2011.11.11 16:22:44.140,0.92032,0.92058,1.50,1.50
2011.11.11 16:22:44.556,0.92027,0.92055,1.50,1.50
2011.11.11 16:22:45.119,0.92035,0.92061,1.50,1.50
2011.11.11 16:22:46.506,0.92032,0.9206,1.50,1.50
2011.11.11 16:22:46.971,0.92034,0.9206,1.50,1.50
2011.11.11 16:22:48.224,0.92036,0.92063,1.50,1.50
2011.11.11 16:22:48.343,0.92038,0.92065,1.50,1.50
2011.11.11 16:22:49.619,0.92028,0.92064,2.10,1.13
2011.11.11 16:22:49.741,0.92027,0.92061,3.68,1.50
2011.11.11 16:22:50.398,0.92035,0.92061,1.50,1.50
2011.11.11 16:22:50.626,0.92041,0.92066,1.12,1.50
2011.11.11 16:22:51.143,0.92042,0.92072,1.12,1.50
2011.11.11 16:22:51.268,0.92054,0.92083,1.50,1.50
2011.11.11 16:22:51.384,0.92055,0.92083,1.88,1.50
2011.11.11 16:22:51.944,0.92057,0.92083,1.50,1.50
2011.11.11 16:22:52.664,0.92059,0.92085,1.50,1.13
2011.11.11 16:22:53.258,0.9206,0.92088,1.50,1.50
2011.11.11 16:22:53.375,0.92057,0.92085,1.50,1.50
2011.11.11 16:22:53.742,0.92063,0.92089,1.50,1.50
2011.11.11 16:22:53.862,0.92069,0.92095,1.50,1.50
2011.11.11 16:22:54.922,0.92065,0.92094,1.13,1.50
2011.11.11 16:22:55.042,0.92065,0.92092,1.13,1.50
2011.11.11 16:22:56.798,0.9206,0.9209,1.50,1.50
2011.11.11 16:22:57.164,0.9206,0.92088,1.50,1.50
2011.11.11 16:22:58.251,0.92064,0.92092,1.50,1.50
2011.11.11 16:23:00.792,0.92072,0.92098,1.50,2.25
2011.11.11 16:23:01.129,0.92075,0.92103,1.50,3.00
2011.11.11 16:23:01.443,0.92075,0.921,1.50,1.50
2011.11.11 16:23:01.564,0.92067,0.92095,1.88,1.50
2011.11.11 16:23:01.680,0.92067,0.92095,1.88,1.50
2011.11.11 16:23:05.135,0.92066,0.92092,1.13,1.50
2011.11.11 16:23:05.252,0.92066,0.92091,1.13,1.50
2011.11.11 16:23:05.572,0.92066,0.92092,1.13,1.50
2011.11.11 16:23:06.261,0.92067,0.92095,1.50,1.50
2011.11.11 16:23:07.277,0.92064,0.9209,1.50,1.50
2011.11.11 16:23:08.625,0.92065,0.9209,1.13,1.50
2011.11.11 16:23:09.540,0.92064,0.9209,1.88,1.50
2011.11.11 16:23:12.011,0.92065,0.9209,1.13,1.50
2011.11.11 16:23:13.017,0.9206,0.92084,1.12,1.50
2011.11.11 16:23:13.782,0.92058,0.92085,1.50,1.50
2011.11.11 16:23:13.902,0.9206,0.92088,1.50,2.25
2011.11.11 16:23:14.371,0.92056,0.92081,1.13,1.50
2011.11.11 16:23:15.241,0.92058,0.92084,1.88,1.50
2011.11.11 16:23:15.714,0.92058,0.92083,1.13,1.50
2011.11.11 16:23:15.942,0.92045,0.92071,1.88,1.50
2011.11.11 16:23:16.064,0.92045,0.92071,1.13,1.50
2011.11.11 16:23:17.153,0.92045,0.92071,1.13,1.50
2011.11.11 16:23:18.081,0.92049,0.92077,1.50,1.88
2011.11.11 16:23:18.424,0.92063,0.92089,1.87,1.50
2011.11.11 16:23:18.650,0.92068,0.92094,1.50,1.50
2011.11.11 16:23:18.881,0.92071,0.92099,1.50,1.50
2011.11.11 16:23:19.473,0.92075,0.92103,1.50,1.50
2011.11.11 16:23:19.810,0.92081,0.9211,1.50,1.50
2011.11.11 16:23:19.932,0.92082,0.92113,1.50,1.50
2011.11.11 16:23:20.052,0.92082,0.92114,1.50,2.25
2011.11.11 16:23:20.397,0.921,0.92126,1.50,1.50
2011.11.11 16:23:20.731,0.92105,0.92131,1.50,1.50
2011.11.11 16:23:20.850,0.92101,0.92132,1.50,1.50
2011.11.11 16:23:21.903,0.92106,0.92134,1.50,1.50
2011.11.11 16:23:22.245,0.92107,0.92137,1.50,1.50
2011.11.11 16:23:22.581,0.92105,0.92131,1.50,1.50
2011.11.11 16:23:22.920,0.92108,0.92134,1.50,1.50
2011.11.11 16:23:23.652,0.92106,0.92133,1.50,1.50
2011.11.11 16:23:23.771,0.92104,0.92132,1.50,1.50
2011.11.11 16:23:24.882,0.92102,0.92128,1.50,1.50
2011.11.11 16:23:25.332,0.92105,0.92131,1.50,1.50
2011.11.11 16:23:25.673,0.92101,0.92129,1.50,1.50
2011.11.11 16:23:27.832,0.92101,0.92127,1.50,1.13
2011.11.11 16:23:29.153,0.92098,0.92124,1.50,1.50
2011.11.11 16:23:29.873,0.92098,0.92126,1.50,1.13
2011.11.11 16:23:29.997,0.92103,0.92128,1.50,1.13
2011.11.11 16:23:31.903,0.92101,0.92126,1.50,1.13
2011.11.11 16:23:32.020,0.92098,0.92126,1.50,1.88
2011.11.11 16:23:32.343,0.92101,0.92126,1.12,1.13
2011.11.11 16:23:33.053,0.92103,0.92129,1.50,1.50
2011.11.11 16:23:35.255,0.921,0.92125,1.12,1.13
2011.11.11 16:23:35.846,0.92101,0.92125,1.12,1.50
2011.11.11 16:23:35.975,0.92099,0.92125,1.50,1.50
2011.11.11 16:23:36.090,0.92099,0.92127,1.50,1.50
2011.11.11 16:23:36.213,0.92102,0.9213,1.50,1.50
2011.11.11 16:23:36.337,0.92108,0.92132,1.12,1.13
2011.11.11 16:23:36.889,0.92108,0.92133,1.12,1.50
2011.11.11 16:23:37.726,0.9211,0.92138,1.50,1.50
2011.11.11 16:23:39.025,0.92108,0.92136,1.12,1.50
2011.11.11 16:23:39.144,0.92108,0.92133,1.12,1.50
2011.11.11 16:23:40.062,0.92109,0.92138,1.12,1.50
2011.11.11 16:23:40.187,0.92112,0.92137,1.50,1.13
2011.11.11 16:23:44.681,0.92104,0.9214,1.12,1.50
2011.11.11 16:23:44.803,0.9211,0.92135,1.12,1.50
2011.11.11 16:23:46.163,0.92111,0.92139,1.50,1.50
2011.11.11 16:23:46.796,0.92114,0.92143,1.50,1.50
2011.11.11 16:23:47.131,0.92117,0.92143,1.12,1.50
2011.11.11 16:23:48.425,0.9212,0.92147,1.12,1.50
2011.11.11 16:23:50.503,0.9212,0.92145,1.12,1.50
2011.11.11 16:23:51.236,0.9212,0.92147,1.12,1.50
2011.11.11 16:23:51.770,0.92117,0.92143,1.12,1.50
2011.11.11 16:23:52.302,0.92113,0.92138,1.12,1.88
2011.11.11 16:23:52.419,0.92113,0.92136,1.12,1.13
2011.11.11 16:23:57.062,0.92113,0.92138,1.12,1.50
2011.11.11 16:23:57.183,0.92117,0.92144,1.50,1.13
2011.11.11 16:23:57.414,0.92121,0.92145,1.50,1.13
2011.11.11 16:23:57.533,0.92123,0.92148,1.50,1.13
2011.11.11 16:23:58.185,0.92124,0.92149,1.12,1.50
2011.11.11 16:23:58.302,0.92122,0.92146,1.12,1.88
2011.11.11 16:23:58.420,0.9212,0.92146,1.50,1.88
2011.11.11 16:24:01.621,0.92122,0.92146,1.50,1.13
2011.11.11 16:24:01.853,0.92124,0.92149,1.12,1.13
2011.11.11 16:24:02.752,0.92124,0.92149,1.12,1.50
2011.11.11 16:24:03.247,0.92125,0.92154,1.87,1.50
2011.11.11 16:24:03.767,0.92129,0.92154,1.12,1.50
2011.11.11 16:24:03.866,0.92135,0.92163,1.50,1.50
2011.11.11 16:24:04.091,0.92139,0.92165,1.50,1.50
2011.11.11 16:24:04.970,0.92142,0.9217,1.50,1.50
2011.11.11 16:24:08.492,0.9214,0.92168,1.87,1.13
2011.11.11 16:24:08.610,0.9214,0.92166,1.12,1.50
2011.11.11 16:24:11.102,0.92137,0.92161,1.12,1.50
2011.11.11 16:24:11.492,0.92139,0.92163,1.50,1.13
2011.11.11 16:24:11.833,0.92143,0.92168,1.50,1.13
2011.11.11 16:24:12.391,0.92144,0.92169,1.12,1.50
2011.11.11 16:24:12.726,0.92145,0.92171,1.12,1.50
2011.11.11 16:24:13.268,0.92146,0.92174,1.50,1.50
2011.11.11 16:24:14.035,0.92145,0.92174,1.12,1.50
2011.11.11 16:24:14.731,0.92144,0.92169,1.12,1.50
2011.11.11 16:24:16.280,0.92143,0.92169,1.50,1.88
2011.11.11 16:24:17.020,0.92138,0.92163,1.12,1.88
2011.11.11 16:24:17.771,0.92141,0.92165,1.50,1.13
2011.11.11 16:24:18.642,0.92141,0.92165,1.50,1.13
2011.11.11 16:24:18.946,0.92134,0.92159,1.12,1.50
2011.11.11 16:24:19.512,0.92133,0.92159,1.87,1.50
2011.11.11 16:24:21.030,0.92133,0.92158,1.87,1.13
2011.11.11 16:24:21.623,0.92124,0.9216,1.12,1.13
2011.11.11 16:24:22.399,0.92124,0.92163,1.12,1.88
2011.11.11 16:24:22.729,0.92124,0.92161,1.12,1.13
2011.11.11 16:24:23.381,0.92121,0.92174,1.50,1.13
2011.11.11 16:24:23.612,0.92122,0.92173,1.12,1.50
2011.11.11 16:24:24.303,0.92123,0.92173,1.12,1.50
2011.11.11 16:24:25.436,0.92118,0.92174,1.12,1.50
2011.11.11 16:24:26.125,0.92118,0.92168,1.12,1.13
2011.11.11 16:24:26.245,0.92118,0.92168,1.12,1.13
2011.11.11 16:24:26.471,0.92118,0.92168,2.92,1.50
2011.11.11 16:24:29.093,0.92121,0.92168,1.12,1.13
2011.11.11 16:24:29.430,0.92137,0.92163,1.50,1.88
2011.11.11 16:24:31.962,0.92139,0.92167,1.50,1.50
2011.11.11 16:24:32.082,0.92141,0.92167,1.50,1.50
2011.11.11 16:24:43.975,0.92137,0.92165,1.50,1.50
2011.11.11 16:24:44.095,0.92141,0.92167,1.50,1.50
2011.11.11 16:24:44.935,0.92137,0.92163,1.50,1.50
2011.11.11 16:24:49.938,0.92134,0.92163,1.50,1.50
2011.11.11 16:24:50.059,0.92133,0.92159,1.50,1.50
2011.11.11 16:24:50.281,0.92129,0.92155,1.50,1.50
2011.11.11 16:24:50.842,0.92124,0.92152,1.50,1.50
2011.11.11 16:24:53.366,0.92128,0.92154,1.50,1.13
2011.11.11 16:24:53.705,0.92128,0.92151,1.50,1.13
2011.11.11 16:24:53.931,0.92121,0.92149,1.50,1.50
2011.11.11 16:24:54.051,0.92119,0.92145,1.50,1.50
2011.11.11 16:24:54.566,0.92123,0.92149,1.50,1.50
2011.11.11 16:25:01.640,0.92124,0.92152,1.50,1.13
2011.11.11 16:25:01.765,0.92126,0.92152,1.50,1.13
2011.11.11 16:25:01.992,0.92123,0.92151,1.50,1.50
2011.11.11 16:25:02.368,0.92123,0.92148,1.50,1.50
2011.11.11 16:25:02.704,0.92119,0.92143,1.50,1.13
2011.11.11 16:25:02.821,0.92115,0.9214,1.50,1.13
2011.11.11 16:25:04.025,0.9212,0.92144,1.50,1.50
2011.11.11 16:25:04.668,0.9212,0.92144,1.50,1.13
2011.11.11 16:25:05.003,0.9212,0.92148,1.50,1.50
2011.11.11 16:25:05.123,0.9212,0.92146,1.50,1.13
2011.11.11 16:25:05.798,0.92127,0.92153,1.50,1.50
2011.11.11 16:25:07.754,0.92124,0.9215,1.50,1.50
2011.11.11 16:25:08.302,0.92126,0.92152,1.50,1.13
2011.11.11 16:25:08.419,0.92124,0.92152,1.50,1.88
2011.11.11 16:25:08.812,0.92124,0.9215,1.50,1.50
2011.11.11 16:25:12.973,0.92127,0.92153,1.50,1.13
2011.11.11 16:25:13.314,0.92129,0.92153,1.50,1.13
2011.11.11 16:25:13.432,0.92132,0.92159,1.50,1.13
2011.11.11 16:25:13.556,0.9213,0.92159,1.50,1.13
2011.11.11 16:25:13.780,0.92128,0.92156,1.50,1.50
2011.11.11 16:25:18.548,0.92128,0.92156,1.50,1.88
2011.11.11 16:25:20.554,0.92125,0.92153,1.50,1.50
2011.11.11 16:25:22.357,0.92125,0.92153,1.50,1.50
2011.11.11 16:25:22.809,0.92129,0.92155,1.50,1.50
2011.11.11 16:25:24.111,0.92129,0.92153,1.50,1.13
2011.11.11 16:25:24.231,0.92129,0.92155,1.50,1.50
2011.11.11 16:25:24.353,0.92124,0.92152,1.50,1.50
2011.11.11 16:25:24.692,0.92129,0.92155,1.50,1.50
2011.11.11 16:25:28.140,0.92126,0.92154,1.50,1.50
2011.11.11 16:25:28.487,0.92125,0.92153,1.50,1.13
2011.11.11 16:25:29.391,0.92119,0.92145,1.50,1.50
2011.11.11 16:25:29.517,0.92114,0.92142,1.50,1.50
2011.11.11 16:25:32.032,0.92117,0.92142,1.13,1.50
2011.11.11 16:25:32.152,0.92121,0.92148,1.13,1.50
2011.11.11 16:25:33.736,0.92117,0.92147,1.87,1.13
2011.11.11 16:25:34.186,0.92117,0.92142,1.12,1.50
2011.11.11 16:25:34.823,0.92112,0.92138,1.12,1.50
2011.11.11 16:25:35.550,0.9211,0.92138,1.50,1.50
2011.11.11 16:25:36.300,0.92106,0.92136,1.50,1.50
2011.11.11 16:25:36.631,0.92101,0.92129,1.50,1.50
2011.11.11 16:25:37.061,0.92098,0.92129,1.50,1.50
2011.11.11 16:25:37.189,0.92099,0.92127,1.50,1.50
2011.11.11 16:25:37.307,0.92097,0.92123,1.50,1.50
2011.11.11 16:25:37.643,0.92093,0.92119,1.50,1.50
2011.11.11 16:25:40.300,0.92097,0.92123,1.50,1.50
2011.11.11 16:25:43.024,0.92089,0.92121,2.85,1.50
2011.11.11 16:25:43.140,0.92089,0.92115,1.50,1.50
2011.11.11 16:25:44.370,0.92093,0.92119,1.50,1.50
2011.11.11 16:25:48.176,0.92097,0.92123,1.50,1.50
2011.11.11 16:25:49.756,0.921,0.92128,1.50,1.50
2011.11.11 16:25:50.872,0.92095,0.92123,1.50,1.50
2011.11.11 16:25:57.983,0.92098,0.92127,1.50,1.50
2011.11.11 16:25:58.100,0.92099,0.92127,1.50,1.50
2011.11.11 16:26:00.202,0.92096,0.92125,1.50,1.50
2011.11.11 16:26:00.312,0.92096,0.92124,1.50,1.50
2011.11.11 16:26:01.661,0.92092,0.9212,1.50,1.50
2011.11.11 16:26:02.171,0.92089,0.92115,1.50,1.50
2011.11.11 16:26:08.996,0.92096,0.92124,1.50,1.50
2011.11.11 16:26:09.362,0.92093,0.92119,1.50,1.50
2011.11.11 16:26:13.326,0.92087,0.92117,2.93,1.88
2011.11.11 16:26:13.553,0.92082,0.92108,1.50,1.50
2011.11.11 16:26:15.103,0.92084,0.92112,1.50,1.50
2011.11.11 16:26:15.219,0.92086,0.92112,1.50,1.50
2011.11.11 16:26:24.545,0.92084,0.92112,1.50,1.50
2011.11.11 16:26:24.696,0.92081,0.92109,1.50,1.50
2011.11.11 16:26:25.032,0.92085,0.92113,1.50,1.50
2011.11.11 16:26:34.961,0.92081,0.92108,1.50,1.50
2011.11.11 16:26:35.298,0.92079,0.92105,1.13,1.50
2011.11.11 16:26:35.889,0.92081,0.92109,1.50,1.88
2011.11.11 16:26:36.252,0.92077,0.92107,4.05,1.50
2011.11.11 16:26:36.761,0.92084,0.92108,1.12,1.50
2011.11.11 16:26:37.291,0.92084,0.92108,1.12,1.50
2011.11.11 16:26:38.230,0.92087,0.92113,1.13,1.50
2011.11.11 16:26:38.348,0.92087,0.92113,1.13,1.50
2011.11.11 16:26:39.331,0.92081,0.92107,2.10,1.50
2011.11.11 16:26:39.957,0.92078,0.92107,1.88,1.50
2011.11.11 16:26:40.068,0.92078,0.92104,1.13,1.50
2011.11.11 16:26:42.312,0.92078,0.92107,1.50,1.50
2011.11.11 16:26:42.431,0.92081,0.92107,1.50,1.50
2011.11.11 16:26:44.121,0.92081,0.92106,1.50,1.50
2011.11.11 16:26:44.242,0.92072,0.92097,1.12,1.50
2011.11.11 16:26:45.554,0.92071,0.92097,1.50,1.50
2011.11.11 16:26:49.504,0.92071,0.921,1.50,1.50
2011.11.11 16:26:49.618,0.92074,0.92102,1.50,1.88
2011.11.11 16:26:54.401,0.92076,0.92105,1.50,1.50
2011.11.11 16:26:54.520,0.92077,0.92105,1.50,1.50
2011.11.11 16:26:56.121,0.92081,0.9211,1.50,1.50
2011.11.11 16:26:56.574,0.92085,0.92114,1.50,1.50
2011.11.11 16:26:57.108,0.9209,0.92116,1.50,1.50
2011.11.11 16:26:59.345,0.92093,0.92119,1.50,1.50
2011.11.11 16:27:00.042,0.92088,0.92118,1.50,1.50
2011.11.11 16:27:00.162,0.92088,0.92116,1.50,1.50
2011.11.11 16:27:00.282,0.92087,0.92116,1.50,1.50
2011.11.11 16:27:00.841,0.92085,0.92111,1.50,1.50
2011.11.11 16:27:01.439,0.92088,0.92114,1.50,1.50
2011.11.11 16:27:03.425,0.92086,0.92114,1.50,1.50
2011.11.11 16:27:03.543,0.92085,0.92111,1.50,1.50
2011.11.11 16:27:05.936,0.92085,0.92112,1.50,1.50
2011.11.11 16:27:06.489,0.92087,0.92115,1.50,1.50
2011.11.11 16:27:07.210,0.92087,0.92115,1.50,1.50
2011.11.11 16:27:09.470,0.92083,0.92112,1.50,1.50
2011.11.11 16:27:10.570,0.92081,0.92108,1.12,1.50
2011.11.11 16:27:11.789,0.92081,0.9211,1.12,1.50
2011.11.11 16:27:12.329,0.92085,0.92111,1.50,1.50
2011.11.11 16:27:12.551,0.9208,0.9211,1.87,1.50
2011.11.11 16:27:12.891,0.92077,0.92103,1.50,1.50
2011.11.11 16:27:13.105,0.92077,0.92106,1.50,1.50
2011.11.11 16:27:13.333,0.92081,0.92107,1.50,1.50
2011.11.11 16:27:15.133,0.92076,0.92102,1.50,1.50
2011.11.11 16:27:17.622,0.92067,0.92093,1.50,1.50
2011.11.11 16:27:17.851,0.92071,0.92097,1.50,1.50
2011.11.11 16:27:20.220,0.92072,0.92101,1.50,1.50
2011.11.11 16:27:20.340,0.92075,0.92101,1.50,1.50
2011.11.11 16:27:24.871,0.92077,0.92105,1.50,1.50
2011.11.11 16:27:31.090,0.9207,0.92098,1.87,1.50
2011.11.11 16:27:31.429,0.92076,0.92102,1.50,1.50
2011.11.11 16:27:32.718,0.92076,0.92102,1.50,1.50
2011.11.11 16:27:36.841,0.9207,0.92101,1.12,2.10
2011.11.11 16:27:36.964,0.92067,0.92093,1.50,1.50
2011.11.11 16:27:37.193,0.92058,0.92086,1.50,1.50
2011.11.11 16:27:37.312,0.92054,0.92082,1.50,1.50
2011.11.11 16:27:37.721,0.92051,0.92077,1.50,1.50
2011.11.11 16:27:38.104,0.92054,0.92082,1.50,3.68
2011.11.11 16:27:38.877,0.92059,0.92085,1.50,1.50
2011.11.11 16:27:42.616,0.92055,0.92083,1.50,1.50
2011.11.11 16:27:42.842,0.92055,0.92081,1.50,1.50
2011.11.11 16:27:45.458,0.92058,0.92086,1.50,1.50
2011.11.11 16:27:46.513,0.92058,0.92084,1.50,1.50
2011.11.11 16:27:46.741,0.92054,0.92082,1.50,1.50
2011.11.11 16:27:50.567,0.9205,0.92079,1.88,1.50
2011.11.11 16:27:50.681,0.9205,0.92078,1.50,1.50
2011.11.11 16:27:51.475,0.9204,0.92068,1.50,1.50
2011.11.11 16:27:51.952,0.92037,0.92064,1.12,1.50
2011.11.11 16:27:52.592,0.92036,0.92062,1.50,1.35
2011.11.11 16:27:53.150,0.92036,0.92064,1.50,1.50
2011.11.11 16:27:53.687,0.92038,0.92068,1.50,1.50
2011.11.11 16:27:53.807,0.9204,0.92068,1.50,1.50
2011.11.11 16:28:01.933,0.9204,0.92069,1.50,1.50
2011.11.11 16:28:02.272,0.92048,0.92074,1.50,1.50
2011.11.11 16:28:02.398,0.9205,0.92078,1.50,1.50
2011.11.11 16:28:02.511,0.9205,0.9208,1.50,1.50
2011.11.11 16:28:03.405,0.92058,0.92086,1.50,1.50
2011.11.11 16:28:06.699,0.92056,0.92086,1.50,1.50
2011.11.11 16:28:06.811,0.92055,0.92081,1.50,1.50
2011.11.11 16:28:06.931,0.92052,0.92081,1.50,1.50
2011.11.11 16:28:07.493,0.9205,0.92078,1.50,1.50
2011.11.11 16:28:08.550,0.9205,0.92076,1.50,1.35
2011.11.11 16:28:08.941,0.92046,0.92072,1.50,2.93
2011.11.11 16:28:09.060,0.92043,0.92071,1.50,1.50
2011.11.11 16:28:09.602,0.92043,0.92072,1.50,2.93
2011.11.11 16:28:09.721,0.92048,0.92073,1.50,1.50
2011.11.11 16:28:13.514,0.92051,0.92072,1.50,2.18
2011.11.11 16:28:13.634,0.92051,0.92077,1.50,1.50
2011.11.11 16:28:16.133,0.92048,0.92074,1.50,1.50
2011.11.11 16:28:24.111,0.92053,0.92081,1.50,1.50
2011.11.11 16:28:24.232,0.92055,0.92081,1.50,1.50
2011.11.11 16:28:24.794,0.92052,0.92077,1.13,1.50
2011.11.11 16:28:25.485,0.92054,0.92079,1.88,1.13
2011.11.11 16:28:26.432,0.92052,0.92078,1.13,1.50
2011.11.11 16:28:29.418,0.92051,0.92073,1.12,1.50
2011.11.11 16:28:29.980,0.92049,0.92073,1.50,1.50
2011.11.11 16:28:30.102,0.92049,0.92073,1.13,1.50
2011.11.11 16:28:30.223,0.92051,0.92077,1.50,1.50
2011.11.11 16:28:30.343,0.92049,0.92074,1.13,1.50
2011.11.11 16:28:30.686,0.92046,0.92068,1.50,1.13
2011.11.11 16:28:31.419,0.92049,0.92068,1.50,1.13
2011.11.11 16:28:32.431,0.92051,0.92068,1.50,1.13
2011.11.11 16:28:34.911,0.92054,0.9208,1.50,1.50
2011.11.11 16:28:35.030,0.92054,0.92079,1.50,2.25
2011.11.11 16:28:35.150,0.92051,0.92076,1.50,1.88
2011.11.11 16:28:38.833,0.9205,0.92072,1.50,1.13
2011.11.11 16:28:39.470,0.92047,0.92072,1.88,1.13
2011.11.11 16:28:39.611,0.92047,0.92071,1.88,1.13
2011.11.11 16:28:39.950,0.92044,0.92066,1.50,1.13
2011.11.11 16:28:40.912,0.92044,0.92065,1.50,2.25
2011.11.11 16:28:42.734,0.92044,0.92063,1.50,1.13
2011.11.11 16:28:43.069,0.92039,0.92064,1.50,1.88
2011.11.11 16:28:43.190,0.92034,0.92059,1.13,1.50
2011.11.11 16:28:43.541,0.92033,0.92059,1.13,1.50
2011.11.11 16:28:43.881,0.92034,0.92058,1.50,1.13
2011.11.11 16:28:44.001,0.92034,0.9206,1.50,1.13
2011.11.11 16:28:44.121,0.92036,0.92063,1.50,2.93
2011.11.11 16:28:44.242,0.92039,0.92064,1.50,1.35
2011.11.11 16:28:44.744,0.92035,0.92063,1.50,1.50
2011.11.11 16:28:46.789,0.92038,0.92066,1.50,1.50
2011.11.11 16:28:47.272,0.92035,0.92063,1.88,1.50
2011.11.11 16:28:47.609,0.92027,0.92053,1.50,1.50
2011.11.11 16:28:48.162,0.92024,0.9205,1.88,1.50
2011.11.11 16:28:48.922,0.92026,0.9205,1.13,1.50
2011.11.11 16:28:49.040,0.92028,0.92053,1.88,1.50
2011.11.11 16:28:49.269,0.92032,0.92058,1.50,1.50
2011.11.11 16:28:50.263,0.92028,0.92054,1.50,1.88
2011.11.11 16:28:52.268,0.92024,0.9205,1.88,1.50
2011.11.11 16:28:52.781,0.92024,0.92048,1.50,1.13
2011.11.11 16:28:52.902,0.92014,0.92042,1.50,1.50
2011.11.11 16:28:53.482,0.9202,0.92048,1.50,1.50
2011.11.11 16:28:53.849,0.92025,0.92051,1.50,2.10
2011.11.11 16:28:55.837,0.9202,0.92048,1.50,1.50
2011.11.11 16:29:06.171,0.92025,0.92051,1.50,1.50
2011.11.11 16:29:06.830,0.92022,0.92048,1.13,1.50
2011.11.11 16:29:08.162,0.92017,0.92043,1.50,1.50
2011.11.11 16:29:08.582,0.92018,0.92047,1.50,1.50
2011.11.11 16:29:08.702,0.92021,0.92047,1.50,1.50
2011.11.11 16:29:09.042,0.92024,0.92049,1.50,1.50
2011.11.11 16:29:09.559,0.92024,0.92052,1.50,1.50
2011.11.11 16:29:10.511,0.92024,0.92049,1.50,1.50
2011.11.11 16:29:11.081,0.92021,0.92047,1.50,1.50
2011.11.11 16:29:13.276,0.92018,0.92043,1.13,1.50
2011.11.11 16:29:15.299,0.92017,0.92046,1.50,1.50
2011.11.11 16:29:15.416,0.9202,0.92048,1.50,1.88
